1771 3072
862 96 1163 136 —452—

356 220 524 260 Nomen
562 220 682 259 huius
728 219 805 258 viri
841 217 1016 272 Nafids.
1058 230 1292 271 cognomen
1320 217 1571 259 Abu-Said
1600 224 1700 258 erat.

246 292 372 332 Hunc
412 304 506 332 cum
546 292 637 332 aliis
680 292 719 330 in
756 290 906 343 oppido
941 289 1115 330 Medina
1149 291 1189 330 in
1218 290 1391 330 Venere
1427 290 1702 330 imbecillibus

247 363 517 404 castrandum
563 368 788 403 curaverat
832 363 1032 403 Medinae
1072 363 1319 416 praefectus
1359 362 1703 402 Ebn-Hasanus

246 436 447 476 Alanzari
483 440 673 487 tempore
704 434 932 475 Solaimani
970 434 1468 475 ben-Abbd-Almalic.
1523 434 1705 473 Miserat

246 509 354 548 enim
384 507 650 547 Solaimanus
679 505 733 545 ad
761 506 947 546 Medinae
976 507 1236 559 praefectum
1263 505 1427 545 litteras
1458 517 1552 545 eum
1579 518 1704 544 man-

248 579 361 633 dato)
392 583 438 618 ut
458 583 695 617 numeraret
714 577 831 616 viros
850 577 891 617 in
920 577 1071 630 oppido
1092 576 1292 616 Medinae
1320 577 1361 615 in
1377 577 1550 616 Venere
1568 576 1706 616 imbe-

246 652 375 691 cilles.
436 649 575 701 Quum
603 663 708 689 vero
736 649 778 689 in
806 650 938 689 verbo
967 650 1090 706 02>5
1124 643 1355 689 numera!
1386 649 1552 688 scribae
1581 649 1704 688 incu-

244 737 305 776 ria
342 737 480 775 littera
515 768 548 808 Z
591 739 747 786 puncto
786 733 944 774 affecta
990 741 1131 787 esset,
1181 734 1342 774 factum
1381 739 1469 786 est,
1509 739 1555 773 ut
1583 732 1705 788 0255
1740 788 1744 792 .

243 811 456 859 castra!
494 818 720 871 legeretur.
780 816 861 868 Qui
890 815 1099 856 scribendi
1130 829 1243 856 error
1272 816 1313 856 in
1334 828 1464 856 causa
1494 820 1599 870 erat,
1631 826 1706 854 cur

245 902 324 929 sex
353 889 392 928 in
423 888 575 942 oppido
605 888 779 928 Medina
807 888 887 928 viri
916 893 1212 927 castrarentur.

569 1004 886 1092 Μῗὶωαιῡ
942 1002 1244 1081 σωκέμῐιᾴἷ
1341 1013 1398 1063 ‘lv

244 1152 321 1198 97.
393 1148 693 1198 Imbecillior
728 1152 777 1197 in
815 1150 1028 1211 Venere,
1070 1168 1220 1216 quam
1254 1152 1316 1208 is,
1354 1150 1439 1216 qui
1477 1147 1706 1216 podicem

396 1251 542 1282 suum
577 1252 728 1282 croco
763 1232 932 1281 inficit.

353 1335 630 1376 Proverbinm
668 1335 750 1375 hoc
786 1334 896 1387 apud
930 1333 1207 1374 Medinenses
1235 1332 1545 1374 Mohammedis
1583 1332 1706 1373 adiu-

244 1413 363 1446 tores
391 1406 567 1446 Anzar
595 1407 832 1459 appellatos
860 1406 1060 1459 frequens
1089 1410 1192 1445 erat.
1250 1406 1314 1444 Eo
1344 1406 1568 1444 utebantur
1598 1416 1705 1444 con-

243 1483 308 1517 tra
337 1477 454 1517 viros
485 1491 509 1517 e
537 1482 668 1531 gente
696 1477 1090 1529 Banu-Machsum,
1127 1477 1197 1529 qui
1226 1489 1323 1516 cum
1352 1475 1655 1516 Mohammede
1683 1488 1707 1514 e

243 1549 400 1589 Mecca
427 1549 645 1589 Medinam
682 1549 894 1602 fugerant.
951 1549 1184 1590 Proverbio
1215 1555 1355 1588 autem
1383 1547 1708 1600 Abu-Djahlum

244 1623 591 1663 ben-Hescham
629 1621 841 1675 designari
884 1628 1113 1662 narrarunt.
1184 1622 1263 1661 Vir
1308 1622 1416 1661 enim
1454 1621 1546 1674 hic,
1583 1633 1707 1673 quum

246 1693 363 1746 lepra
390 1694 618 1747 laboraret,
659 1695 805 1733 clunes
844 1705 971 1733 croco
1001 1693 1183 1732 tinxisse
1214 1693 1372 1732 dicitur.
1431 1692 1709 1732 Medinenses

242 1771 382 1805 autem
411 1765 453 1804 id
483 1778 580 1804 eum
609 1765 767 1804 fecisse
797 1777 848 1804 ea
877 1765 929 1804 de
960 1777 1104 1817 causa,
1135 1770 1178 1803 ut
1200 1765 1311 1803 illam
1335 1764 1524 1817 eorporis
1545 1771 1707 1816 partem

244 1836 521 1888 pulchriorem
569 1836 765 1876 redderet
773 1866 789 1891 7
841 1837 996 1889 quippe
1039 1848 1163 1889 quum
1203 1836 1361 1875 Veneri
1406 1844 1709 1888 praeposterae

244 1907 437 1948 addictus
477 1913 596 1947 esset
606 1937 621 1962 7
662 1908 928 1948 contendunt.
987 1906 1107 1948 Gens
1147 1912 1290 1947 autem
1328 1908 1705 1948 Banu-Machsum

246 1980 355 2020 hanc
385 1980 620 2032 opinionem
649 1980 842 2020 refellere
871 1980 1079 2020 studebat.

527 2070 583 2088 0ae
702 2069 764 2089 ον
832 2070 851 2088 0
962 2070 1087 2089 ⁴20ae
1158 2061 1301 2089 >rofi

478 2117 589 2196 ἕῳ
639 2117 772 2191 ἱμμὶ
819 2118 905 2194 Ua
954 2103 1101 2153 διέἱέω
1132 2092 1299 2183 sau-'25
1397 2105 1454 2156 ἹΛ

247 2238 325 2282 98.
393 2235 630 2281 Maiorem
693 2237 933 2282 iacturam
992 2254 1159 2303 passus
1219 2249 1497 2285 mercatura
1556 2255 1703 2303 quam

400 2335 550 2364 senex
585 2317 795 2365 familiae
832 2321 995 2366 Mahw
1035 2318 1324 2385 appellatae.

361 2420 405 2457 ln
436 2433 565 2471 opere
596 2419 949 2459 Scharaf-Aldini
979 2421 1042 2460 sic
1072 2406 1348 2480 legiturz-‘Q
1374 2410 1476 2466 ng...
1503 2406 1559 2477 c}-
1578 2405 1705 2485 2³23}

251 2501 481 2540 „Maiorem
530 2502 735 2542 iacturam
783 2503 944 2542 faciens
988 2516 1111 2555 quam
1160 2516 1294 2545 senex
1339 2474 1478 2556 gentis
1518 2506 1704 2544 Mallum-

250 2573 387 2612 Huius
426 2578 565 2612 autem
604 2575 814 2625 proverbii
859 2576 976 2627 origo
1017 2576 1112 2615 talis
1152 2576 1288 2615 fuisse
1326 2584 1526 2616 narratur.
1585 2575 1706 2617 Gens

251 2644 341 2696 Ijad
387 2644 515 2696 pediti
554 2644 762 2684 dedecore
805 2647 1084 2686 contaminata
1126 2653 1227 2686 erat.
1288 2647 1478 2698 Quodam
1518 2661 1626 2688 anno
1666 2649 1705 2687 in

254 2716 444 2756 nundinis
481 2715 630 2758 Ocatsi
666 2717 730 2756 vir
770 2717 934 2769 quidam
974 2717 1025 2757 ad
1067 2719 1189 2759 istam
1225 2726 1395 2772 gentem
1425 2721 1636 2771 pertinens
1667 2721 1704 2758 in
