<?xml version="1.0" encoding="UTF-8"?>
<!DOCTYPE html PUBLIC "-//W3C//DTD XHTML 1.0 Transitional//EN"
    "http://www.w3.org/TR/xhtml1/DTD/xhtml1-transitional.dtd">
<html xmlns="http://www.w3.org/1999/xhtml" xml:lang="en" lang="en">
 <head>
  <title>
</title>
<meta http-equiv="Content-Type" content="text/html;charset=utf-8" />
  <meta name='ocr-system' content='tesseract 3.04.00' />
  <meta name='ocr-capabilities' content='ocr_page ocr_carea ocr_par ocr_line ocrx_word'/>
</head>
<body>
  <div class='ocr_page' id='page_1' title='image "./arabumproverbiav01freyuoft/arabumproverbiav01freyuoft_1329.png"; bbox 0 0 1771 3072; ppageno 0'>
   <div class='ocr_carea' id='block_1_1' title="bbox 702 127 1008 167">
    <p class='ocr_par' dir='ltr' id='par_1_1' title="bbox 702 127 1008 167">
     <span class='ocr_line' id='line_1_1' title="bbox 702 127 1008 167; baseline -0.003 0"><span class='ocrx_word' id='word_1_1' title='bbox 702 127 891 167; x_wconf 87' lang='lat'>—551</span> <span class='ocrx_word' id='word_1_2' title='bbox 955 149 1008 155; x_wconf 77' lang='lat'>—</span> 
     </span>
    </p>
   </div>
   <div class='ocr_carea' id='block_1_2' title="bbox 90 248 1560 2079">
    <p class='ocr_par' dir='ltr' id='par_1_2' title="bbox 90 248 1560 2079">
     <span class='ocr_line' id='line_1_2' title="bbox 97 248 1556 302; baseline -0.002 -13"><span class='ocrx_word' id='word_1_3' title='bbox 97 262 186 289; x_wconf 92' lang='lat' dir='ltr'>rum</span> <span class='ocrx_word' id='word_1_4' title='bbox 217 261 326 290; x_wconf 88' lang='lat' dir='ltr'>esse.</span> <span class='ocrx_word' id='word_1_5' title='bbox 385 249 640 290; x_wconf 87' lang='lat' dir='ltr'>Accelerato</span> <span class='ocrx_word' id='word_1_6' title='bbox 668 249 816 288; x_wconf 88' lang='lat' dir='ltr'>itinere</span> <span class='ocrx_word' id='word_1_7' title='bbox 856 261 983 302; x_wconf 91' lang='lat' dir='ltr'>quum</span> <span class='ocrx_word' id='word_1_8' title='bbox 1013 261 1142 301; x_wconf 88' lang='lat' dir='ltr'>prope</span> <span class='ocrx_word' id='word_1_9' title='bbox 1174 248 1228 289; x_wconf 85' lang='lat' dir='ltr'>ad</span> <span class='ocrx_word' id='word_1_10' title='bbox 1263 249 1412 288; x_wconf 89' lang='lat' dir='ltr'>hostes</span> <span class='ocrx_word' id='word_1_11' title='bbox 1454 260 1556 300; x_wconf 89' lang='lat' dir='ltr'>per-</span> 
     </span>
     <span class='ocr_line' id='line_1_3' title="bbox 95 320 1556 373; baseline -0.002 -13"><span class='ocrx_word' id='word_1_12' title='bbox 95 321 303 373; x_wconf 83' lang='lat' dir='ltr'>venisset,</span> <span class='ocrx_word' id='word_1_13' title='bbox 335 321 375 361; x_wconf 90' lang='lat' dir='ltr'>in</span> <span class='ocrx_word' id='word_1_14' title='bbox 404 321 531 372; x_wconf 89' lang='lat' dir='ltr'>valle,</span> <span class='ocrx_word' id='word_1_15' title='bbox 563 333 644 373; x_wconf 89' lang='lat' dir='ltr'>qua</span> <span class='ocrx_word' id='word_1_16' title='bbox 673 320 724 360; x_wconf 92' lang='lat' dir='ltr'>ab</span> <span class='ocrx_word' id='word_1_17' title='bbox 754 320 805 359; x_wconf 91' lang='lat' dir='ltr'>iis</span> <span class='ocrx_word' id='word_1_18' title='bbox 836 321 1127 372; x_wconf 76' lang='lat' dir='ltr'><strong>separabatur,</strong></span> <span class='ocrx_word' id='word_1_19' title='bbox 1175 334 1224 360; x_wconf 80' lang='lat' dir='ltr'>se</span> <span class='ocrx_word' id='word_1_20' title='bbox 1253 320 1483 360; x_wconf 83' lang='lat' dir='ltr'>occultavit</span> <span class='ocrx_word' id='word_1_21' title='bbox 1513 325 1556 358; x_wconf 86' lang='lat' dir='ltr'>et</span> 
     </span>
     <span class='ocr_line' id='line_1_4' title="bbox 97 391 1553 447; baseline -0.001 -15"><span class='ocrx_word' id='word_1_22' title='bbox 97 391 310 432; x_wconf 89' lang='lat' dir='ltr'>Sadusum</span> <span class='ocrx_word' id='word_1_23' title='bbox 347 392 671 432; x_wconf 85' lang='lat' dir='ltr'>ben-Schaiban</span> <span class='ocrx_word' id='word_1_24' title='bbox 706 391 953 431; x_wconf 88' lang='lat' dir='ltr'>ben-Dsohl</span> <span class='ocrx_word' id='word_1_25' title='bbox 991 391 1374 447; x_wconf 83' lang='lat' dir='ltr'>ben-&#39;rsahlebah,</span> <span class='ocrx_word' id='word_1_26' title='bbox 1414 391 1553 431; x_wconf 88' lang='lat' dir='ltr'>virum</span> 
     </span>
     <span class='ocr_line' id='line_1_5' title="bbox 95 462 1559 517; baseline 0 -16"><span class='ocrx_word' id='word_1_27' title='bbox 95 467 224 502; x_wconf 84' lang='lat' dir='ltr'>acuto</span> <span class='ocrx_word' id='word_1_28' title='bbox 264 464 432 517; x_wconf 87' lang='lat' dir='ltr'>ingenio</span> <span class='ocrx_word' id='word_1_29' title='bbox 470 462 721 515; x_wconf 88' lang='lat' dir='ltr'>praeditum,</span> <span class='ocrx_word' id='word_1_30' title='bbox 753 463 1062 515; x_wconf 82' lang='lat' dir='ltr'>exploratorem</span> <span class='ocrx_word' id='word_1_31' title='bbox 1104 464 1227 502; x_wconf 82' lang='lat' dir='ltr'>misit.</span> <span class='ocrx_word' id='word_1_32' title='bbox 1285 463 1559 503; x_wconf 87' lang='lat' dir='ltr'>Ebu-Mon-</span> 
     </span>
     <span class='ocr_line' id='line_1_6' title="bbox 96 532 1558 588; baseline -0.001 -16"><span class='ocrx_word' id='word_1_33' title='bbox 96 532 272 573; x_wconf 87' lang='lat' dir='ltr'>dalahus</span> <span class='ocrx_word' id='word_1_34' title='bbox 302 535 455 574; x_wconf 87' lang='lat' dir='ltr'>castris</span> <span class='ocrx_word' id='word_1_35' title='bbox 485 535 524 574; x_wconf 92' lang='lat' dir='ltr'>in</span> <span class='ocrx_word' id='word_1_36' title='bbox 557 534 667 587; x_wconf 90' lang='lat' dir='ltr'>pede</span> <span class='ocrx_word' id='word_1_37' title='bbox 697 535 851 574; x_wconf 87' lang='lat' dir='ltr'>montis</span> <span class='ocrx_word' id='word_1_38' title='bbox 880 535 1032 587; x_wconf 88' lang='lat' dir='ltr'>positis</span> <span class='ocrx_word' id='word_1_39' title='bbox 1077 540 1270 588; x_wconf 83' lang='lat' dir='ltr'>quartam</span> <span class='ocrx_word' id='word_1_40' title='bbox 1313 535 1390 574; x_wconf 90' lang='lat' dir='ltr'>sibi</span> <span class='ocrx_word' id='word_1_41' title='bbox 1430 545 1558 585; x_wconf 89' lang='lat' dir='ltr'>prac-</span> 
     </span>
     <span class='ocr_line' id='line_1_7' title="bbox 94 602 1547 658; baseline 0 -16"><span class='ocrx_word' id='word_1_42' title='bbox 94 602 175 642; x_wconf 89' lang='lat' dir='ltr'>dae</span> <span class='ocrx_word' id='word_1_43' title='bbox 203 611 363 656; x_wconf 89' lang='lat' dir='ltr'>partem</span> <span class='ocrx_word' id='word_1_44' title='bbox 396 604 598 645; x_wconf 84' lang='lat' dir='ltr'>definiens</span> <span class='ocrx_word' id='word_1_45' title='bbox 629 606 769 658; x_wconf 84' lang='lat' dir='ltr'>ignem</span> <span class='ocrx_word' id='word_1_46' title='bbox 800 605 995 645; x_wconf 83' lang='lat' dir='ltr'>accendit</span> <span class='ocrx_word' id='word_1_47' title='bbox 1024 610 1066 644; x_wconf 93' lang='lat' dir='ltr'>et</span> <span class='ocrx_word' id='word_1_48' title='bbox 1097 604 1291 657; x_wconf 88' lang='lat' dir='ltr'>dactylos</span> <span class='ocrx_word' id='word_1_49' title='bbox 1322 605 1362 644; x_wconf 93' lang='lat' dir='ltr'>in</span> <span class='ocrx_word' id='word_1_50' title='bbox 1393 610 1547 643; x_wconf 87' lang='lat' dir='ltr'>terram</span> 
     </span>
     <span class='ocr_line' id='line_1_8' title="bbox 94 675 1550 729; baseline -0.001 -16"><span class='ocrx_word' id='word_1_51' title='bbox 94 676 317 726; x_wconf 80' lang='lat' dir='ltr'>proiieiens</span> <span class='ocrx_word' id='word_1_52' title='bbox 348 676 476 716; x_wconf 70' lang='lat' dir='ltr'>dixit«</span> <span class='ocrx_word' id='word_1_53' title='bbox 537 677 621 728; x_wconf 84' lang='lat' dir='ltr'>Qui</span> <span class='ocrx_word' id='word_1_54' title='bbox 659 677 760 729; x_wconf 85' lang='lat' dir='ltr'>ligni</span> <span class='ocrx_word' id='word_1_55' title='bbox 800 676 963 716; x_wconf 83' lang='lat' dir='ltr'>fascem</span> <span class='ocrx_word' id='word_1_56' title='bbox 1010 682 1225 729; x_wconf 82' lang='lat' dir='ltr'>apportat,</span> <span class='ocrx_word' id='word_1_57' title='bbox 1286 675 1550 728; x_wconf 87' lang='lat' dir='ltr'>dactylorum</span> 
     </span>
     <span class='ocr_line' id='line_1_9' title="bbox 93 741 1550 800; baseline -0.001 -16"><span class='ocrx_word' id='word_1_58' title='bbox 93 746 348 798; x_wconf 88' lang='lat' dir='ltr'>manipulum</span> <span class='ocrx_word' id='word_1_59' title='bbox 377 747 454 786; x_wconf 91' lang='lat' dir='ltr'>sibi</span> <span class='ocrx_word' id='word_1_60' title='bbox 487 741 637 787; x_wconf 75' lang='lat' dir='ltr'>sumat!</span> <span class='ocrx_word' id='word_1_61' title='bbox 699 746 894 788; x_wconf 87' lang='lat' dir='ltr'>Sadusus</span> <span class='ocrx_word' id='word_1_62' title='bbox 925 759 1020 786; x_wconf 90' lang='lat' dir='ltr'>cum</span> <span class='ocrx_word' id='word_1_63' title='bbox 1052 747 1154 800; x_wconf 83' lang='lat' dir='ltr'>ligni</span> <span class='ocrx_word' id='word_1_64' title='bbox 1184 747 1306 786; x_wconf 87' lang='lat' dir='ltr'>fasee</span> <span class='ocrx_word' id='word_1_65' title='bbox 1336 744 1550 786; x_wconf 88' lang='lat' dir='ltr'>accedens</span> 
     </span>
     <span class='ocr_line' id='line_1_10' title="bbox 94 816 1560 871; baseline -0.001 -17"><span class='ocrx_word' id='word_1_66' title='bbox 94 817 349 868; x_wconf 85' lang='lat' dir='ltr'>manipulum</span> <span class='ocrx_word' id='word_1_67' title='bbox 390 817 655 871; x_wconf 88' lang='lat' dir='ltr'>dactylorum</span> <span class='ocrx_word' id='word_1_68' title='bbox 707 817 860 857; x_wconf 85' lang='lat' dir='ltr'>sumsit</span> <span class='ocrx_word' id='word_1_69' title='bbox 903 823 944 856; x_wconf 91' lang='lat' dir='ltr'>et</span> <span class='ocrx_word' id='word_1_70' title='bbox 980 817 1020 855; x_wconf 89' lang='lat' dir='ltr'>in</span> <span class='ocrx_word' id='word_1_71' title='bbox 1060 817 1256 869; x_wconf 86' lang='lat' dir='ltr'>pharetra</span> <span class='ocrx_word' id='word_1_72' title='bbox 1294 830 1372 856; x_wconf 87' lang='lat' dir='ltr'>sua</span> <span class='ocrx_word' id='word_1_73' title='bbox 1410 816 1560 868; x_wconf 89' lang='lat' dir='ltr'>posuit.</span> 
     </span>
     <span class='ocr_line' id='line_1_11' title="bbox 94 885 1555 941; baseline -0.002 -15"><span class='ocrx_word' id='word_1_74' title='bbox 94 887 202 926; x_wconf 83' lang='lat' dir='ltr'>Tum</span> <span class='ocrx_word' id='word_1_75' title='bbox 242 899 291 926; x_wconf 87' lang='lat' dir='ltr'>se</span> <span class='ocrx_word' id='word_1_76' title='bbox 329 888 477 927; x_wconf 85' lang='lat' dir='ltr'>turbae</span> <span class='ocrx_word' id='word_1_77' title='bbox 513 888 764 939; x_wconf 74' lang='lat' dir='ltr'>immiscuit,</span> <span class='ocrx_word' id='word_1_78' title='bbox 809 893 866 941; x_wconf 85' lang='lat' dir='ltr'>ut,</span> <span class='ocrx_word' id='word_1_79' title='bbox 913 886 1009 939; x_wconf 92' lang='lat' dir='ltr'>quid</span> <span class='ocrx_word' id='word_1_80' title='bbox 1049 887 1342 939; x_wconf 79' lang='lat' dir='ltr'>loquerentur,</span> <span class='ocrx_word' id='word_1_81' title='bbox 1380 885 1555 926; x_wconf 85' lang='lat' dir='ltr'>audiret.</span> 
     </span>
     <span class='ocr_line' id='line_1_12' title="bbox 93 957 1558 1011; baseline -0.001 -15"><span class='ocrx_word' id='word_1_82' title='bbox 93 957 234 997; x_wconf 89' lang='lat' dir='ltr'>Hinda</span> <span class='ocrx_word' id='word_1_83' title='bbox 263 965 400 998; x_wconf 88' lang='lat' dir='ltr'>autem</span> <span class='ocrx_word' id='word_1_84' title='bbox 429 973 539 1011; x_wconf 90' lang='lat' dir='ltr'>pone</span> <span class='ocrx_word' id='word_1_85' title='bbox 570 958 998 998; x_wconf 83' lang='lat' dir='ltr'>Ebn-Mondalahum</span> <span class='ocrx_word' id='word_1_86' title='bbox 1029 957 1186 997; x_wconf 89' lang='lat' dir='ltr'>sedens</span> <span class='ocrx_word' id='word_1_87' title='bbox 1217 970 1311 997; x_wconf 89' lang='lat' dir='ltr'>cum</span> <span class='ocrx_word' id='word_1_88' title='bbox 1345 971 1395 997; x_wconf 90' lang='lat' dir='ltr'>eo</span> <span class='ocrx_word' id='word_1_89' title='bbox 1426 957 1558 996; x_wconf 87' lang='lat' dir='ltr'>verba</span> 
     </span>
     <span class='ocr_line' id='line_1_13' title="bbox 90 1028 1559 1082; baseline -0.002 -14"><span class='ocrx_word' id='word_1_90' title='bbox 90 1029 274 1068; x_wconf 82' lang='lat' dir='ltr'>faciebat</span> <span class='ocrx_word' id='word_1_91' title='bbox 304 1035 346 1068; x_wconf 91' lang='lat' dir='ltr'>et</span> <span class='ocrx_word' id='word_1_92' title='bbox 375 1031 651 1082; x_wconf 84' lang='lat' dir='ltr'>interrogata,</span> <span class='ocrx_word' id='word_1_93' title='bbox 683 1029 780 1081; x_wconf 91' lang='lat' dir='ltr'>quid</span> <span class='ocrx_word' id='word_1_94' title='bbox 813 1029 893 1080; x_wconf 88' lang='lat' dir='ltr'>ipsi</span> <span class='ocrx_word' id='word_1_95' title='bbox 924 1028 976 1067; x_wconf 90' lang='lat' dir='ltr'>de</span> <span class='ocrx_word' id='word_1_96' title='bbox 1006 1028 1170 1079; x_wconf 90' lang='lat' dir='ltr'>Hodjro</span> <span class='ocrx_word' id='word_1_97' title='bbox 1202 1028 1446 1070; x_wconf 83' lang='lat' dir='ltr'>videretur..</span> <span class='ocrx_word' id='word_1_98' title='bbox 1488 1040 1559 1065; x_wconf 90' lang='lat' dir='ltr'>re-</span> 
     </span>
     <span class='ocr_line' id='line_1_14' title="bbox 93 1097 1560 1151; baseline -0.001 -14"><span class='ocrx_word' id='word_1_99' title='bbox 93 1099 283 1151; x_wconf 87' lang='lat' dir='ltr'>spondit:</span> <span class='ocrx_word' id='word_1_100' title='bbox 341 1100 479 1139; x_wconf 78' lang='lat' dir='ltr'>Video</span> <span class='ocrx_word' id='word_1_101' title='bbox 514 1113 606 1139; x_wconf 92' lang='lat' dir='ltr'>eum</span> <span class='ocrx_word' id='word_1_102' title='bbox 637 1100 765 1138; x_wconf 86' lang='lat' dir='ltr'>lorica</span> <span class='ocrx_word' id='word_1_103' title='bbox 805 1111 883 1138; x_wconf 91' lang='lat' dir='ltr'>sua</span> <span class='ocrx_word' id='word_1_104' title='bbox 926 1099 1058 1137; x_wconf 79' lang='lat' dir='ltr'>sellae</span> <span class='ocrx_word' id='word_1_105' title='bbox 1093 1097 1285 1138; x_wconf 78' lang='lat' dir='ltr'>&#39;medium</span> <span class='ocrx_word' id='word_1_106' title='bbox 1319 1098 1560 1150; x_wconf 88' lang='lat' dir='ltr'>percutien-</span> 
     </span>
     <span class='ocr_line' id='line_1_15' title="bbox 93 1166 1558 1236; baseline 0.002 -28"><span class='ocrx_word' id='word_1_107' title='bbox 93 1175 233 1209; x_wconf 85' lang='lat' dir='ltr'>temet</span> <span class='ocrx_word' id='word_1_108' title='bbox 266 1169 493 1209; x_wconf 85' lang='lat' dir='ltr'>dicentem:</span> <span class='ocrx_word' id='word_1_109' title='bbox 525 1169 709 1225; x_wconf 31' lang='lat' dir='ltr'>„paliani</span> <span class='ocrx_word' id='word_1_110' title='bbox 745 1170 790 1211; x_wconf 55' lang='lat'>35</span> <span class='ocrx_word' id='word_1_111' title='bbox 822 1176 897 1236; x_wconf 32' lang='grc' dir='ltr'>,ἀὲ</span> <span class='ocrx_word' id='word_1_112' title='bbox 931 1166 957 1210; x_wconf 53' lang='grc' dir='ltr'>ὅ</span> <span class='ocrx_word' id='word_1_113' title='bbox 996 1171 1107 1234; x_wconf 40' lang='grc' dir='ltr'>ἵλψ</span> <span class='ocrx_word' id='word_1_114' title='bbox 1142 1171 1254 1231; x_wconf 44' lang='lat'>5253&amp;</span> <span class='ocrx_word' id='word_1_115' title='bbox 1281 1169 1400 1222; x_wconf 68' lang='lat' dir='ltr'>„Iter</span> <span class='ocrx_word' id='word_1_116' title='bbox 1417 1168 1558 1219; x_wconf 76' lang='lat' dir='ltr'>facite,</span> 
     </span>
     <span class='ocr_line' id='line_1_16' title="bbox 94 1247 1558 1305; baseline -0.001 -16"><span class='ocrx_word' id='word_1_117' title='bbox 94 1251 173 1290; x_wconf 89' lang='lat' dir='ltr'>iter</span> <span class='ocrx_word' id='word_1_118' title='bbox 203 1251 348 1305; x_wconf 88' lang='lat' dir='ltr'>facite,</span> <span class='ocrx_word' id='word_1_119' title='bbox 382 1264 464 1290; x_wconf 91' lang='lat' dir='ltr'>non</span> <span class='ocrx_word' id='word_1_120' title='bbox 496 1257 563 1291; x_wconf 90' lang='lat' dir='ltr'>est</span> <span class='ocrx_word' id='word_1_121' title='bbox 594 1251 778 1291; x_wconf 89' lang='lat' dir='ltr'>incursio</span> <span class='ocrx_word' id='word_1_122' title='bbox 809 1252 886 1289; x_wconf 86' lang='lat' dir='ltr'>nisi</span> <span class='ocrx_word' id='word_1_123' title='bbox 916 1251 1065 1290; x_wconf 90' lang='lat' dir='ltr'>iterum</span> <span class='ocrx_word' id='word_1_124' title='bbox 1108 1252 1223 1291; x_wconf 91' lang='lat' dir='ltr'>facta</span> <span class='ocrx_word' id='word_1_125' title='bbox 1255 1256 1352 1303; x_wconf 89' lang='lat' dir='ltr'>post</span> <span class='ocrx_word' id='word_1_126' title='bbox 1391 1247 1558 1289; x_wconf 63' lang='lat' dir='ltr'>aliamf‘</span> 
     </span>
     <span class='ocr_line' id='line_1_17' title="bbox 91 1321 1551 1376; baseline 0 -15"><span class='ocrx_word' id='word_1_127' title='bbox 91 1321 279 1373; x_wconf 84' lang='lat' dir='ltr'>Hodjrus</span> <span class='ocrx_word' id='word_1_128' title='bbox 309 1328 449 1362; x_wconf 88' lang='lat' dir='ltr'>autem</span> <span class='ocrx_word' id='word_1_129' title='bbox 481 1336 606 1375; x_wconf 89' lang='lat' dir='ltr'>quum</span> <span class='ocrx_word' id='word_1_130' title='bbox 637 1322 813 1376; x_wconf 83' lang='lat' dir='ltr'>dormit,</span> <span class='ocrx_word' id='word_1_131' title='bbox 846 1335 1015 1374; x_wconf 89' lang='lat' dir='ltr'>semper</span> <span class='ocrx_word' id='word_1_132' title='bbox 1045 1336 1169 1362; x_wconf 91' lang='lat' dir='ltr'>unum</span> <span class='ocrx_word' id='word_1_133' title='bbox 1201 1323 1292 1362; x_wconf 91' lang='lat' dir='ltr'>eius</span> <span class='ocrx_word' id='word_1_134' title='bbox 1321 1323 1551 1362; x_wconf 86' lang='lat' dir='ltr'>membrum</span> 
     </span>
     <span class='ocr_line' id='line_1_18' title="bbox 90 1392 1553 1447; baseline 0.001 -17"><span class='ocrx_word' id='word_1_135' title='bbox 90 1392 199 1431; x_wconf 77' lang='lat' dir='ltr'>vivit</span> <span class='ocrx_word' id='word_1_136' title='bbox 229 1399 270 1431; x_wconf 91' lang='lat' dir='ltr'>et</span> <span class='ocrx_word' id='word_1_137' title='bbox 299 1393 699 1444; x_wconf 85' lang='lat' dir='ltr'>Ebn-Mondalaho,</span> <span class='ocrx_word' id='word_1_138' title='bbox 754 1393 962 1445; x_wconf 88' lang='lat' dir='ltr'>quomodo</span> <span class='ocrx_word' id='word_1_139' title='bbox 992 1394 1073 1432; x_wconf 90' lang='lat' dir='ltr'>hoe</span> <span class='ocrx_word' id='word_1_140' title='bbox 1103 1395 1246 1447; x_wconf 85' lang='lat' dir='ltr'>sciret,</span> <span class='ocrx_word' id='word_1_141' title='bbox 1279 1394 1553 1445; x_wconf 84' lang='lat' dir='ltr'>interroganti</span> 
     </span>
     <span class='ocr_line' id='line_1_19' title="bbox 95 1463 1558 1516; baseline 0 -15"><span class='ocrx_word' id='word_1_142' title='bbox 95 1463 308 1515; x_wconf 84' lang='lat' dir='ltr'>narravit,</span> <span class='ocrx_word' id='word_1_143' title='bbox 368 1475 418 1502; x_wconf 89' lang='lat' dir='ltr'>se</span> <span class='ocrx_word' id='word_1_144' title='bbox 458 1463 640 1514; x_wconf 89' lang='lat' dir='ltr'>quodam</span> <span class='ocrx_word' id='word_1_145' title='bbox 689 1463 755 1502; x_wconf 88' lang='lat' dir='ltr'>die</span> <span class='ocrx_word' id='word_1_146' title='bbox 790 1463 830 1502; x_wconf 90' lang='lat' dir='ltr'>in</span> <span class='ocrx_word' id='word_1_147' title='bbox 866 1463 1001 1503; x_wconf 89' lang='lat' dir='ltr'>mariti</span> <span class='ocrx_word' id='word_1_148' title='bbox 1049 1463 1322 1516; x_wconf 87' lang='lat' dir='ltr'>dormientis,</span> <span class='ocrx_word' id='word_1_149' title='bbox 1382 1464 1450 1515; x_wconf 91' lang='lat' dir='ltr'>qui</span> <span class='ocrx_word' id='word_1_150' title='bbox 1480 1463 1558 1515; x_wconf 76' lang='lat' dir='ltr'>ipsi</span> 
     </span>
     <span class='ocr_line' id='line_1_20' title="bbox 91 1532 1556 1586; baseline 0 -15"><span class='ocrx_word' id='word_1_151' title='bbox 91 1533 131 1571; x_wconf 89' lang='lat' dir='ltr'>in</span> <span class='ocrx_word' id='word_1_152' title='bbox 163 1532 300 1572; x_wconf 92' lang='lat' dir='ltr'>odium</span> <span class='ocrx_word' id='word_1_153' title='bbox 330 1534 536 1586; x_wconf 84' lang='lat' dir='ltr'>venisset,</span> <span class='ocrx_word' id='word_1_154' title='bbox 568 1534 801 1586; x_wconf 87' lang='lat' dir='ltr'>propinquo</span> <span class='ocrx_word' id='word_1_155' title='bbox 830 1533 1012 1586; x_wconf 84' lang='lat' dir='ltr'>sedisse,</span> <span class='ocrx_word' id='word_1_156' title='bbox 1045 1547 1170 1586; x_wconf 87' lang='lat' dir='ltr'>quum</span> <span class='ocrx_word' id='word_1_157' title='bbox 1184 1546 1362 1586; x_wconf 87' lang='lat' dir='ltr'>serpens</span> <span class='ocrx_word' id='word_1_158' title='bbox 1394 1533 1447 1573; x_wconf 91' lang='lat' dir='ltr'>ad</span> <span class='ocrx_word' id='word_1_159' title='bbox 1466 1534 1556 1572; x_wconf 88' lang='lat' dir='ltr'>eius</span> 
     </span>
     <span class='ocr_line' id='line_1_21' title="bbox 93 1603 1558 1656; baseline 0.001 -15"><span class='ocrx_word' id='word_1_160' title='bbox 93 1609 369 1655; x_wconf 83' lang='lat' dir='ltr'>exporrectos</span> <span class='ocrx_word' id='word_1_161' title='bbox 402 1603 536 1655; x_wconf 89' lang='lat' dir='ltr'>pedes</span> <span class='ocrx_word' id='word_1_162' title='bbox 567 1605 784 1656; x_wconf 87' lang='lat' dir='ltr'>repsisset.</span> <span class='ocrx_word' id='word_1_163' title='bbox 841 1604 1048 1656; x_wconf 85' lang='lat' dir='ltr'>Hodjrum</span> <span class='ocrx_word' id='word_1_164' title='bbox 1080 1611 1217 1643; x_wconf 85' lang='lat' dir='ltr'>autem</span> <span class='ocrx_word' id='word_1_165' title='bbox 1249 1604 1382 1656; x_wconf 87' lang='lat' dir='ltr'>pedes</span> <span class='ocrx_word' id='word_1_166' title='bbox 1421 1604 1474 1644; x_wconf 87' lang='lat' dir='ltr'>ad</span> <span class='ocrx_word' id='word_1_167' title='bbox 1508 1616 1558 1643; x_wconf 90' lang='lat' dir='ltr'>se</span> 
     </span>
     <span class='ocr_line' id='line_1_22' title="bbox 95 1674 1556 1730; baseline 0.001 -17"><span class='ocrx_word' id='word_1_168' title='bbox 95 1674 351 1729; x_wconf 77' lang='lat' dir='ltr'>adtraxisse,</span> <span class='ocrx_word' id='word_1_169' title='bbox 382 1682 424 1715; x_wconf 92' lang='lat' dir='ltr'>et</span> <span class='ocrx_word' id='word_1_170' title='bbox 454 1688 578 1728; x_wconf 91' lang='lat' dir='ltr'>quum</span> <span class='ocrx_word' id='word_1_171' title='bbox 609 1676 662 1716; x_wconf 88' lang='lat' dir='ltr'>ad</span> <span class='ocrx_word' id='word_1_172' title='bbox 694 1689 864 1716; x_wconf 89' lang='lat' dir='ltr'>manum</span> <span class='ocrx_word' id='word_1_173' title='bbox 908 1676 1309 1730; x_wconf 84' lang='lat' dir='ltr'>adpropinquasset,</span> <span class='ocrx_word' id='word_1_174' title='bbox 1361 1675 1556 1729; x_wconf 88' lang='lat' dir='ltr'>eandem,</span> 
     </span>
     <span class='ocr_line' id='line_1_23' title="bbox 92 1746 1552 1798; baseline 0.001 -14"><span class='ocrx_word' id='word_1_175' title='bbox 92 1751 133 1785; x_wconf 91' lang='lat' dir='ltr'>et</span> <span class='ocrx_word' id='word_1_176' title='bbox 163 1759 291 1798; x_wconf 91' lang='lat' dir='ltr'>quum</span> <span class='ocrx_word' id='word_1_177' title='bbox 322 1746 418 1785; x_wconf 88' lang='lat' dir='ltr'>inde</span> <span class='ocrx_word' id='word_1_178' title='bbox 449 1746 682 1786; x_wconf 84' lang='lat' dir='ltr'>deflectens</span> <span class='ocrx_word' id='word_1_179' title='bbox 714 1746 767 1786; x_wconf 87' lang='lat' dir='ltr'>ad</span> <span class='ocrx_word' id='word_1_180' title='bbox 795 1747 996 1786; x_wconf 86' lang='lat' dir='ltr'>ronchum</span> <span class='ocrx_word' id='word_1_181' title='bbox 1028 1748 1255 1786; x_wconf 88' lang='lat' dir='ltr'>emittentis</span> <span class='ocrx_word' id='word_1_182' title='bbox 1293 1753 1421 1798; x_wconf 87' lang='lat' dir='ltr'>caput</span> <span class='ocrx_word' id='word_1_183' title='bbox 1450 1760 1552 1798; x_wconf 89' lang='lat' dir='ltr'>pro-</span> 
     </span>
     <span class='ocr_line' id='line_1_24' title="bbox 91 1816 1555 1867; baseline 0.001 -13"><span class='ocrx_word' id='word_1_184' title='bbox 91 1816 186 1866; x_wconf 90' lang='lat' dir='ltr'>pius</span> <span class='ocrx_word' id='word_1_185' title='bbox 217 1817 493 1866; x_wconf 87' lang='lat' dir='ltr'>accessisset,</span> <span class='ocrx_word' id='word_1_186' title='bbox 515 1830 611 1856; x_wconf 86' lang='lat' dir='ltr'>cum</span> <span class='ocrx_word' id='word_1_187' title='bbox 642 1818 784 1857; x_wconf 90' lang='lat' dir='ltr'>statim</span> <span class='ocrx_word' id='word_1_188' title='bbox 813 1818 1053 1857; x_wconf 82' lang='lat' dir='ltr'>surrexisse</span> <span class='ocrx_word' id='word_1_189' title='bbox 1085 1817 1315 1857; x_wconf 82' lang='lat' dir='ltr'>dicentem:</span> <span class='ocrx_word' id='word_1_190' title='bbox 1349 1816 1457 1867; x_wconf 82' lang='lat' dir='ltr'>Quid</span> <span class='ocrx_word' id='word_1_191' title='bbox 1489 1823 1555 1856; x_wconf 92' lang='lat' dir='ltr'>est</span> 
     </span>
     <span class='ocr_line' id='line_1_25' title="bbox 90 1883 1553 1941; baseline -0.001 -14"><span class='ocrx_word' id='word_1_192' title='bbox 90 1884 207 1927; x_wconf 63' lang='lat' dir='ltr'>hoc?</span> <span class='ocrx_word' id='word_1_193' title='bbox 239 1901 262 1926; x_wconf 93' lang='lat' dir='ltr'>o</span> <span class='ocrx_word' id='word_1_194' title='bbox 293 1883 455 1927; x_wconf 76' lang='lat' dir='ltr'>Hinda!</span> <span class='ocrx_word' id='word_1_195' title='bbox 487 1888 547 1926; x_wconf 92' lang='lat' dir='ltr'>Se</span> <span class='ocrx_word' id='word_1_196' title='bbox 575 1896 714 1927; x_wconf 80' lang='lat' dir='ltr'>autem</span> <span class='ocrx_word' id='word_1_197' title='bbox 744 1887 853 1941; x_wconf 87' lang='lat' dir='ltr'>inde,</span> <span class='ocrx_word' id='word_1_198' title='bbox 887 1887 997 1939; x_wconf 87' lang='lat' dir='ltr'>quod</span> <span class='ocrx_word' id='word_1_199' title='bbox 1028 1893 1268 1939; x_wconf 85' lang='lat' dir='ltr'>serpentem</span> <span class='ocrx_word' id='word_1_200' title='bbox 1306 1900 1388 1926; x_wconf 90' lang='lat' dir='ltr'>non</span> <span class='ocrx_word' id='word_1_201' title='bbox 1417 1887 1553 1926; x_wconf 87' lang='lat' dir='ltr'>vidis-</span> 
     </span>
     <span class='ocr_line' id='line_1_26' title="bbox 91 1957 1552 2008; baseline 0.003 -14"><span class='ocrx_word' id='word_1_202' title='bbox 91 1962 175 2008; x_wconf 89' lang='lat' dir='ltr'>set,</span> <span class='ocrx_word' id='word_1_203' title='bbox 207 1957 522 1996; x_wconf 87' lang='lat' dir='ltr'>excusationem</span> <span class='ocrx_word' id='word_1_204' title='bbox 554 1958 739 2008; x_wconf 87' lang='lat' dir='ltr'>petiisse.</span> <span class='ocrx_word' id='word_1_205' title='bbox 798 1957 993 1996; x_wconf 87' lang='lat' dir='ltr'>Sadusus</span> <span class='ocrx_word' id='word_1_206' title='bbox 1022 1958 1106 1996; x_wconf 90' lang='lat' dir='ltr'>ista</span> <span class='ocrx_word' id='word_1_207' title='bbox 1131 1958 1262 1997; x_wconf 89' lang='lat' dir='ltr'>verba</span> <span class='ocrx_word' id='word_1_208' title='bbox 1293 1957 1469 1997; x_wconf 88' lang='lat' dir='ltr'>audiens</span> <span class='ocrx_word' id='word_1_209' title='bbox 1499 1958 1552 1998; x_wconf 86' lang='lat' dir='ltr'>ad</span> 
     </span>
     <span class='ocr_line' id='line_1_27' title="bbox 92 2025 1474 2079; baseline 0.001 -15"><span class='ocrx_word' id='word_1_210' title='bbox 92 2025 304 2078; x_wconf 86' lang='lat' dir='ltr'>Hodjrum</span> <span class='ocrx_word' id='word_1_211' title='bbox 334 2026 456 2065; x_wconf 87' lang='lat' dir='ltr'>rediit</span> <span class='ocrx_word' id='word_1_212' title='bbox 486 2033 528 2065; x_wconf 89' lang='lat' dir='ltr'>et</span> <span class='ocrx_word' id='word_1_213' title='bbox 557 2040 610 2065; x_wconf 84' lang='lat' dir='ltr'>ex</span> <span class='ocrx_word' id='word_1_214' title='bbox 641 2027 838 2078; x_wconf 87' lang='lat' dir='ltr'>pharetra</span> <span class='ocrx_word' id='word_1_215' title='bbox 868 2027 1061 2079; x_wconf 80' lang='lat' dir='ltr'>dactylos</span> <span class='ocrx_word' id='word_1_216' title='bbox 1091 2027 1312 2067; x_wconf 87' lang='lat' dir='ltr'>effundens</span> <span class='ocrx_word' id='word_1_217' title='bbox 1344 2027 1474 2067; x_wconf 77' lang='lat' dir='ltr'>dixit:</span> 
     </span>
    </p>
   </div>
   <div class='ocr_carea' id='block_1_3' title="bbox 94 2104 1544 2294">
    <p class='ocr_par' dir='ltr' id='par_1_3' title="bbox 94 2104 1544 2294">
     <span class='ocr_line' id='line_1_28' title="bbox 190 2104 1446 2190; baseline -0.006 -13"><span class='ocrx_word' id='word_1_218' title='bbox 190 2125 339 2188; x_wconf 42' lang='lat' dir='ltr'>wau</span> <span class='ocrx_word' id='word_1_219' title='bbox 374 2106 539 2180; x_wconf 47' lang='lat' dir='ltr'>&amp;xi-223</span> <span class='ocrx_word' id='word_1_220' title='bbox 577 2114 699 2182; x_wconf 41' lang='grc' dir='ltr'>μᾶ</span> <span class='ocrx_word' id='word_1_221' title='bbox 733 2114 803 2183; x_wconf 45' lang='lat'>&amp;2</span> <span class='ocrx_word' id='word_1_222' title='bbox 871 2109 979 2181; x_wconf 45' lang='grc' dir='ltr'>,ᾧ</span> <span class='ocrx_word' id='word_1_223' title='bbox 1001 2108 1077 2187; x_wconf 56' lang='lat' dir='ltr'>,zi</span> <span class='ocrx_word' id='word_1_224' title='bbox 1112 2109 1313 2190; x_wconf 36' lang='lat' dir='ltr'>&amp;gif</span> <span class='ocrx_word' id='word_1_225' title='bbox 1338 2104 1446 2169; x_wconf 56' lang='lat' dir='ltr'>se?</span> 
     </span>
     <span class='ocr_line' id='line_1_29' title="bbox 94 2237 1544 2294; baseline 0.001 -17"><span class='ocrx_word' id='word_1_226' title='bbox 94 2237 281 2290; x_wconf 80' lang='lat' dir='ltr'>„Falsos</span> <span class='ocrx_word' id='word_1_227' title='bbox 312 2250 500 2276; x_wconf 88' lang='lat' dir='ltr'>rumores</span> <span class='ocrx_word' id='word_1_228' title='bbox 529 2244 781 2290; x_wconf 86' lang='lat' dir='ltr'>spargentes</span> <span class='ocrx_word' id='word_1_229' title='bbox 811 2238 864 2278; x_wconf 87' lang='lat' dir='ltr'>ad</span> <span class='ocrx_word' id='word_1_230' title='bbox 892 2245 935 2279; x_wconf 89' lang='lat' dir='ltr'>te</span> <span class='ocrx_word' id='word_1_231' title='bbox 960 2246 1166 2279; x_wconf 88' lang='lat' dir='ltr'>venerunt</span> <span class='ocrx_word' id='word_1_232' title='bbox 1206 2253 1302 2280; x_wconf 89' lang='lat' dir='ltr'>eum</span> <span class='ocrx_word' id='word_1_233' title='bbox 1332 2253 1378 2279; x_wconf 91' lang='lat' dir='ltr'>re</span> <span class='ocrx_word' id='word_1_234' title='bbox 1408 2240 1544 2294; x_wconf 90' lang='lat' dir='ltr'>dubia,</span> 
     </span>
    </p>
   </div>
   <div class='ocr_carea' id='block_1_4' title="bbox 144 2309 1547 2492">
    <p class='ocr_par' dir='ltr' id='par_1_4' title="bbox 144 2309 1547 2492">
     <span class='ocr_line' id='line_1_30' title="bbox 146 2309 1547 2363; baseline 0.003 -17"><span class='ocrx_word' id='word_1_235' title='bbox 146 2320 272 2360; x_wconf 90' lang='lat' dir='ltr'>quum</span> <span class='ocrx_word' id='word_1_236' title='bbox 304 2314 445 2347; x_wconf 90' lang='lat' dir='ltr'>mente</span> <span class='ocrx_word' id='word_1_237' title='bbox 474 2309 635 2348; x_wconf 84' lang='lat' dir='ltr'>attoniti</span> <span class='ocrx_word' id='word_1_238' title='bbox 666 2316 827 2363; x_wconf 89' lang='lat' dir='ltr'>essent,</span> <span class='ocrx_word' id='word_1_239' title='bbox 859 2316 903 2350; x_wconf 89' lang='lat' dir='ltr'>ct</span> <span class='ocrx_word' id='word_1_240' title='bbox 935 2323 1016 2363; x_wconf 85' lang='lat' dir='ltr'>ego</span> <span class='ocrx_word' id='word_1_241' title='bbox 1049 2324 1135 2351; x_wconf 87' lang='lat' dir='ltr'>rem</span> <span class='ocrx_word' id='word_1_242' title='bbox 1167 2317 1329 2352; x_wconf 87' lang='lat' dir='ltr'>certam</span> <span class='ocrx_word' id='word_1_243' title='bbox 1351 2311 1424 2351; x_wconf 89' lang='lat' dir='ltr'>tibi</span> <span class='ocrx_word' id='word_1_244' title='bbox 1438 2325 1547 2350; x_wconf 89' lang='lat' dir='ltr'>nun-</span> 
     </span>
     <span class='ocr_line' id='line_1_31' title="bbox 144 2370 959 2427; baseline 0.004 -16"><span class='ocrx_word' id='word_1_245' title='bbox 144 2370 250 2412; x_wconf 80' lang='lat' dir='ltr'>tio.“</span> <span class='ocrx_word' id='word_1_246' title='bbox 306 2375 492 2413; x_wconf 79' lang='lat' dir='ltr'>Mettum</span> <span class='ocrx_word' id='word_1_247' title='bbox 515 2374 659 2414; x_wconf 50' lang='lat' dir='ltr'>XVafir</span> <span class='ocrx_word' id='word_1_248' title='bbox 689 2382 765 2414; x_wconf 88' lang='lat' dir='ltr'>est.</span> <span class='ocrx_word' id='word_1_249' title='bbox 796 2389 835 2427; x_wconf 91' lang='lat' dir='ltr'>p.</span> <span class='ocrx_word' id='word_1_250' title='bbox 866 2377 959 2416; x_wconf 71' lang='lat'>204.</span> 
     </span>
     <span class='ocr_line' id='line_1_32' title="bbox 199 2438 1547 2492; baseline 0.001 -15"><span class='ocrx_word' id='word_1_251' title='bbox 199 2438 387 2489; x_wconf 91' lang='lat' dir='ltr'>Hodjrus</span> <span class='ocrx_word' id='word_1_252' title='bbox 417 2438 612 2490; x_wconf 84' lang='lat' dir='ltr'>audiens,</span> <span class='ocrx_word' id='word_1_253' title='bbox 654 2453 763 2492; x_wconf 88' lang='lat' dir='ltr'>quae</span> <span class='ocrx_word' id='word_1_254' title='bbox 794 2441 935 2480; x_wconf 91' lang='lat' dir='ltr'>Hinda</span> <span class='ocrx_word' id='word_1_255' title='bbox 963 2441 1343 2481; x_wconf 82' lang='lat' dir='ltr'>Ebu-Mondalaho</span> <span class='ocrx_word' id='word_1_256' title='bbox 1373 2453 1547 2480; x_wconf 89' lang='lat' dir='ltr'>narras·-</span> 
     </span>
    </p>
   </div>
   <div class='ocr_carea' id='block_1_5' title="bbox 89 2510 1548 2787">
    <p class='ocr_par' dir='ltr' id='par_1_5' title="bbox 89 2510 1548 2787">
     <span class='ocr_line' id='line_1_33' title="bbox 92 2510 1548 2564; baseline 0.002 -17"><span class='ocrx_word' id='word_1_257' title='bbox 92 2514 173 2560; x_wconf 87' lang='lat' dir='ltr'>set,</span> <span class='ocrx_word' id='word_1_258' title='bbox 203 2510 390 2548; x_wconf 87' lang='lat' dir='ltr'>nuntium</span> <span class='ocrx_word' id='word_1_259' title='bbox 422 2522 571 2549; x_wconf 89' lang='lat' dir='ltr'>verum</span> <span class='ocrx_word' id='word_1_260' title='bbox 612 2523 711 2550; x_wconf 88' lang='lat' dir='ltr'>esse</span> <span class='ocrx_word' id='word_1_261' title='bbox 751 2525 832 2551; x_wconf 90' lang='lat' dir='ltr'>non</span> <span class='ocrx_word' id='word_1_262' title='bbox 871 2512 1076 2552; x_wconf 80' lang='lat' dir='ltr'>dubitavit</span> <span class='ocrx_word' id='word_1_263' title='bbox 1115 2519 1157 2551; x_wconf 91' lang='lat' dir='ltr'>et</span> <span class='ocrx_word' id='word_1_264' title='bbox 1192 2525 1294 2564; x_wconf 89' lang='lat' dir='ltr'>prae</span> <span class='ocrx_word' id='word_1_265' title='bbox 1330 2512 1548 2551; x_wconf 87' lang='lat' dir='ltr'>iracundia</span> 
     </span>
     <span class='ocr_line' id='line_1_34' title="bbox 89 2580 1546 2634; baseline 0.003 -16"><span class='ocrx_word' id='word_1_266' title='bbox 89 2580 258 2631; x_wconf 86' lang='lat' dir='ltr'>plantae</span> <span class='ocrx_word' id='word_1_267' title='bbox 314 2581 458 2620; x_wconf 87' lang='lat' dir='ltr'>Morar</span> <span class='ocrx_word' id='word_1_268' title='bbox 504 2582 739 2632; x_wconf 83' lang='lat' dir='ltr'>appellatae</span> <span class='ocrx_word' id='word_1_269' title='bbox 783 2583 883 2623; x_wconf 88' lang='lat' dir='ltr'>folia</span> <span class='ocrx_word' id='word_1_270' title='bbox 920 2583 1016 2622; x_wconf 83' lang='lat' dir='ltr'>edit.</span> <span class='ocrx_word' id='word_1_271' title='bbox 1075 2583 1195 2633; x_wconf 84' lang='lat' dir='ltr'>Quae</span> <span class='ocrx_word' id='word_1_272' title='bbox 1245 2584 1344 2623; x_wconf 89' lang='lat' dir='ltr'>folia</span> <span class='ocrx_word' id='word_1_273' title='bbox 1417 2592 1546 2634; x_wconf 88' lang='lat' dir='ltr'>quum</span> 
     </span>
     <span class='ocr_line' id='line_1_35' title="bbox 89 2651 1546 2707; baseline 0.001 -18"><span class='ocrx_word' id='word_1_274' title='bbox 89 2651 170 2702; x_wconf 89' lang='lat' dir='ltr'>ipsi</span> <span class='ocrx_word' id='word_1_275' title='bbox 196 2663 349 2690; x_wconf 84' lang='lat' dir='ltr'>noxam</span> <span class='ocrx_word' id='word_1_276' title='bbox 380 2665 462 2691; x_wconf 89' lang='lat' dir='ltr'>non</span> <span class='ocrx_word' id='word_1_277' title='bbox 494 2651 734 2707; x_wconf 85' lang='lat' dir='ltr'>adferrent,</span> <span class='ocrx_word' id='word_1_278' title='bbox 771 2655 923 2706; x_wconf 90' lang='lat' dir='ltr'>quippe</span> <span class='ocrx_word' id='word_1_279' title='bbox 964 2666 1087 2706; x_wconf 87' lang='lat' dir='ltr'>quum</span> <span class='ocrx_word' id='word_1_280' title='bbox 1140 2655 1398 2694; x_wconf 87' lang='lat' dir='ltr'>camelorum</span> <span class='ocrx_word' id='word_1_281' title='bbox 1435 2652 1546 2692; x_wconf 88' lang='lat' dir='ltr'>labia</span> 
     </span>
     <span class='ocr_line' id='line_1_36' title="bbox 90 2722 1544 2787; baseline 0.004 -28"><span class='ocrx_word' id='word_1_282' title='bbox 90 2733 144 2760; x_wconf 86' lang='lat' dir='ltr'>ex</span> <span class='ocrx_word' id='word_1_283' title='bbox 174 2734 318 2760; x_wconf 89' lang='lat' dir='ltr'>eorum</span> <span class='ocrx_word' id='word_1_284' title='bbox 351 2727 476 2773; x_wconf 88' lang='lat' dir='ltr'>pastu</span> <span class='ocrx_word' id='word_1_285' title='bbox 507 2728 806 2778; x_wconf 86' lang='lat' dir='ltr'>corrugentur,</span> <span class='ocrx_word' id='word_1_286' title='bbox 862 2736 1096 2778; x_wconf 88' lang='lat' dir='ltr'>cognomen</span> <span class='ocrx_word' id='word_1_287' title='bbox 1125 2726 1207 2787; x_wconf 58' lang='lat'>&gt;5:2⁸</span> <span class='ocrx_word' id='word_1_288' title='bbox 1243 2724 1322 2779; x_wconf 56' lang='lat'>355</span> <span class='ocrx_word' id='word_1_289' title='bbox 1373 2722 1544 2777; x_wconf 75' lang='lat' dir='ltr'>„Edens</span> 
     </span>
    </p>
   </div>
  </div>
 </body>
</html>
