1771 3072
768 133 1041 171 -84-

175 270 310 309 minus
341 275 507 309 vestem
554 268 779 309 excutiens
822 269 1010 309 camelos
1051 271 1090 309 iu
1131 277 1294 322 pratum
1346 272 1507 324 repulit.
1574 271 1635 311 Ibi

173 340 363 380 consedit
394 341 545 380 faciem
570 341 620 379 ob
652 340 784 393 frigus
817 345 943 379 veste
960 346 1125 393 tegens.
1185 342 1381 382 Solaicus
1402 348 1540 382 autem
1564 343 1634 381 vi-

172 425 262 451 rum
291 425 316 451 a
346 411 468 451 domo
498 412 721 451 abeuntem
753 417 947 464 secutus,
966 411 1094 463 gladii
1124 412 1206 452 ictu
1233 412 1385 452 occidit
1413 420 1456 453 ct
1484 425 1632 453 came-

171 485 235 522 los
264 482 317 523 ad
348 483 491 522 socios
521 483 676 535 abegit.
736 483 1014 522 Proverbium
1045 483 1274 536 significat,
1294 497 1434 538 unum,
1466 485 1533 537 qui
1563 486 1630 525 al-

172 562 305 594 terum
339 567 446 606 opus
476 554 702 593 facientem
734 553 892 607 videat,
923 554 976 593 ad
1007 553 1117 594 idem
1156 555 1394 595 faciendum
1425 557 1632 610 instigari.

173 625 628 677 Scharsaf-Aldin.
662 627 1009 667 Samachsch.

746 715 828 742 ὗν)
878 712 965 742 {300

688 744 824 846 &³³²⁴
876 769 971 823 ορ
1068 758 1114 808 '“1

170 875 245 919 29.
320 869 545 917 Camelus
595 887 838 927 annosus,
876 873 1016 918 cuius
1053 873 1100 917 in
1150 870 1380 919 dentibus
1431 872 1629 920 ssavedo

316 952 520 999 tollitur.

281 1056 323 1092 {n
354 1065 558 1093 annosum
590 1053 755 1106 dicitur,
788 1054 855 1106 qui
872 1044 1093 1093 exercetur
1121 1060 1163 1093 et
1177 1053 1445 1093 condocetur.
1507 1053 1629 1105 Quod

166 1126 311 1164 facere
340 1125 380 1163 in
410 1137 570 1164 annoso
606 1124 776 1165 difficile
807 1131 849 1164 et
881 1124 1183 1164 inconveniens
1213 1131 1290 1164 est.
1352 1125 1476 1166 Conf.
1507 1125 1629 1165 Kam-

169 1206 210 1237 et
240 1198 307 1249 Dj.
337 1210 370 1237 s.
402 1200 482 1270 εκ,

167 1439 241 1483 30,
315 1433 539 1481 Camelus
578 1451 792 1482 annosus
830 1434 1041 1481 docetur
1077 1436 1385 1481 exercitium.

279 1525 503 1564 Vocabulo
534 1524 657 1595 &aab
690 1525 935 1564 exercitium
976 1525 1015 1563 in
1057 1525 1231 1563 camelis
1262 1523 1488 1563 adhibitum
1527 1523 1622 1576 sig—

164 1606 369 1647 nificatur.
428 1610 473 1647 In
507 1621 555 1647 eo
603 1608 814 1661 consistit,
846 1606 959 1660 quod
988 1607 1149 1646 vehens
1190 1607 1395 1647 habenam
1440 1606 1621 1648 retrahit.

166 1684 207 1717 nt
239 1680 277 1718 in
308 1678 440 1730 pedes
472 1679 727 1730 posteriores
758 1679 994 1731 repellatur.
1052 1678 1270 1717 Proverbii
1309 1689 1462 1717 sensus
1501 1682 1623 1717 ante-

164 1749 326 1789 cedenti
366 1750 512 1790 similis
550 1756 632 1802 est,
672 1763 766 1790 nam
806 1750 917 1789 istud
957 1760 1050 1821 ἕνα
1082 1749 1334 1802 appeilatum
1375 1749 1621 1788 exercitium

165 1833 328 1872 nonnisi
359 1833 397 1872 in
426 1833 621 1872 iuvencis
651 1832 836 1872 adhiberi
866 1831 1000 1873 debet.

165 2119 240 2161 31.
315 2113 502 2161 Obtulit
540 2114 656 2161 mihi
704 2133 806 2162 rem
852 2115 1027 2172 modo,
1066 2133 1168 2181 quo
1205 2113 1399 2162 camelis
1447 2115 1623 2161 iterum

310 2200 591 2247 bibentibus
630 2210 778 2266 potus
817 2199 1040 2247 offertur.

275 2300 322 2339 ld
353 2308 438 2341 est:
468 2303 533 2342 Ita
562 2315 649 2341 rem
681 2301 778 2341 mihi
809 2301 971 2353 obtulit,
1003 2306 1046 2339 ut.
1088 2313 1154 2338 me
1194 2313 1274 2339 non
1313 2306 1508 2352 urgeret,
1545 2298 1623 2339 sed

164 2374 301 2425 potius
334 2379 587 2425 exspectare
616 2372 844 2425 videretur,
877 2386 944 2411 ine
974 2384 1067 2411 cam
1098 2384 1178 2411 non
1200 2378 1475 2423 accepturum
1507 2383 1621 2411 esse.

162 2445 359 2484 anamu
390 2445 400 2483 i
424 2457 551 2498 opere
580 2444 755 2497 legitur:
783 2444 872 2486 {dte
908 2465 1013 2502 ΛΥ..
1047 2444 1140 2506 &Le
1176 2461 1283 2506 0:052
1312 2449 1354 2482 et
1376 2443 1507 2482 verbo
1535 2455 1621 2483 vo..

163 2528 276 2568 cales
308 2528 471 2580 passivi
503 2526 629 2567 datae
659 2534 767 2567 suut.
825 2526 1102 2566 Alaziniiihus
1133 2526 1237 2566 dixit
1262 2555 1272 2578 ,
1332 2527 1506 2566 camelis
1534 2526 1619 2566 ite-

166 2613 254 2639 rum
286 2600 522 2640 bibentibus
552 2613 635 2639 non
657 2601 858 2639 instanter
887 2606 1028 2651 potum
1050 2598 1203 2637 offerri
1233 2598 1383 2637 etinde
1412 2598 1450 2637 in
1480 2597 1615 2638 homi-

158 2684 234 2711 nes
265 2673 512 2712 translatum
543 2684 655 2712 esse.
715 2672 853 2723 Quum
885 2672 1017 2712 verbo
1060 2689 1167 2733 σείς
1204 2671 1458 2724 significatio
1500 2667 1614 2709 verbi

162 2755 268 2802 „eds
286 2755 534 2806 „imposuitsc
555 2755 668 2807 insit,
688 2766 838 2793 nomeu
861 2753 1038 2793 actionis
1060 2778 1143 2819 (3⁴⁸⁸
1172 2765 1265 2793 cum
1305 2767 1356 2793 eo
1388 2750 1613 2794 coniunxit,
