1771 3072
665 93 717 98 -—-
776 69 856 110 7²83
913 93 966 100 ψ-

94 187 254 236 oculos,
292 200 466 241 quorum
497 196 668 228 naturae
697 190 784 228 auri
815 196 963 229 natura
994 192 1173 231 maxime
1205 192 1443 242 conveniat,
1477 200 1552 230 eos

91 259 251 299 traduci
299 261 401 300 utile
437 261 640 302 videatur.
700 263 780 301 Est
829 259 994 315 quoque
1037 277 1160 316 auro,
1191 264 1417 317 singularis
1448 265 1548 315 pul-

91 331 292 371 chritudo.
353 333 455 372 Auri
496 345 623 386 aqua,
665 346 745 385 qua
776 346 845 372 res
887 333 1137 373 deaurantur
1168 341 1208 373 et
1247 336 1411 388 lamina,
1445 348 1552 387 quae

88 400 127 440 iu
157 403 283 441 tectis
314 415 462 455 regum
492 410 602 456 sunt,
635 403 728 443 inde
766 411 978 455 parantur.
1038 405 1348 445 commercium
1380 418 1548 459 quoque

91 484 142 510 eo
191 484 358 525 semper
417 474 653 527 nitebatur,
686 487 807 527 quum
853 476 1033 515 omnium
1064 489 1200 516 rerum
1258 477 1435 528 pretium
1485 477 1551 516 sit.

91 542 281 594 Argento
330 550 543 596 praestat,
592 545 690 583 lieet
735 544 830 583 illud
870 536 1083 596 pulelirflm
1134 553 1176 585 et
1222 547 1470 586 honoratum
1509 547 1548 584 in

89 611 301 652 hominum
343 615 504 654 animos
542 616 627 654 vim
674 615 839 654 habeat.
906 616 1013 654 Eius
1060 617 1193 668 pretio
1234 623 1430 656 caeterae
1480 628 1548 655 res

89 682 368 735 multipliciter
415 684 650 736 duplicatae
710 686 787 724 emi
842 692 1030 737 possunt.
1117 686 1184 725 Ad
1224 699 1302 726 uos
1351 687 1455 727 redit
1508 693 1549 726 et

89 765 233 804 parum
278 754 538 807 diminuitur,
581 756 675 795 dum
726 763 861 808 terra,
903 769 1010 808 quae
1064 756 1102 795 id
1152 757 1343 809 producit
1387 763 1428 797 et
1471 769 1548 797 su-

87 837 162 875 per
216 837 301 877 qua
351 826 555 865 incolume
587 833 670 873 est,
730 827 875 878 paucis
924 827 1042 866 annis
1091 834 1309 880 argentum
1361 828 1416 867 ita
1445 840 1546 879 per-

83 900 243 947 mutat,
297 901 342 935 ut
392 895 444 935 ad
506 902 696 936 naturam
744 910 863 936 suam
913 897 1090 948 redeat,
1152 904 1191 936 et
1242 898 1387 949 paucis
1449 897 1544 936 die-0

85 964 162 1004 bus
206 967 365 1006 serrum
398 967 450 1005 ad
498 967 714 1019 pristinam
765 980 884 1007 suam
933 974 1123 1006 naturam
1165 967 1337 1007 reducit.
1414 967 1545 1007 Cibus

84 1042 225 1076 autem
266 1038 306 1076 in
346 1039 436 1077 ollis
482 1052 536 1077 ex
574 1051 623 1077 eo
666 1039 876 1078 consectis
918 1045 1068 1078 coctus
1106 1040 1277 1091 gratior,
1307 1039 1543 1083 salutarior,

84 1107 222 1146 ventri
253 1110 566 1148 convenientior
597 1111 822 1159 meliorque
853 1114 931 1147 est.
984 1108 1130 1146 Ahlius
1163 1109 1545 1147 ben-Abi-Thaleb

83 1176 136 1217 de
163 1179 363 1231 sulphure
393 1181 515 1220 rubro
545 1182 827 1233 interrogatus
859 1178 974 1231 dixit,
998 1191 1145 1217 aurum
1177 1192 1287 1218 esse.
1347 1179 1548 1219 Moham-

83 1249 226 1289 medes
256 1256 393 1290 autem
426 1250 549 1289 dixit:
584 1251 630 1291 Si
660 1249 757 1289 mihi
788 1262 951 1301 aurum,
970 1256 1070 1301 quot
1101 1255 1239 1288 terrae
1270 1250 1402 1288 colles
1433 1255 1547 1297 suut,

86 1317 222 1360 esset!
268 1329 309 1360 et
339 1333 590 1373 quocunque
621 1321 870 1372 proverbiali
899 1320 1022 1359 modo
1054 1320 1105 1358 de
1142 1333 1244 1359 auro
1276 1321 1440 1359 locutus
1471 1326 1547 1358 est.

87 1390 245 1432 Sahlus
285 1392 365 1430 beu
391 1393 563 1431 »Harun
603 1390 840 1430 facundiam
870 1391 910 1428 iu
947 1402 1140 1429 sermone
1172 1390 1223 1428 de
1257 1402 1357 1429 auro
1388 1390 1545 1440 proba-

84 1468 168 1502 tam
197 1463 265 1501 isti
284 1463 373 1502 viro
408 1462 600 1502 invidens
632 1461 721 1500 auri
751 1462 852 1499 vitia
886 1467 926 1499 et
945 1461 1037 1499 vitri
1064 1461 1364 1511 praestantiam
1396 1466 1542 1500 contra

84 1532 326 1573 describens
379 1533 498 1573 dixit:
541 1534 702 1572 Aurum
751 1537 900 1571 natura
948 1532 1211 1583 productum,
1263 1534 1416 1571 vitrum
1455 1537 1545 1570 arte

82 1604 242 1644 factum
272 1612 339 1644 est
369 1610 410 1643 et
439 1609 634 1656 quantum
654 1615 798 1642 aurum
819 1601 965 1641 duritie
982 1608 1182 1653 praestat,
1214 1608 1372 1641 tantum
1391 1602 1545 1640 vitrum

81 1677 273 1728 puritate.
304 1677 400 1715 Nee
427 1688 508 1714 non
538 1675 706 1723 vitrum,
738 1687 862 1726 quum
897 1673 1105 1713 defoditur
1136 1680 1209 1712 aut
1239 1674 1276 1712 iu
1302 1686 1410 1725 aqua
1437 1673 1544 1711 sub-

80 1747 294 1799 mergitur,
325 1758 426 1786 auro
457 1745 678 1784 durabilior
718 1750 793 1783 est.
853 1744 1018 1782 Vitrum
1055 1749 1122 1781 est
1151 1744 1271 1794 quasi
1299 1744 1471 1795 politum
1503 1749 1543 1782 et

83 1817 189 1855 lucis
219 1822 409 1856 naturam
456 1816 598 1867 habet,
639 1815 736 1853 dum
778 1827 921 1853 aurum
952 1814 1131 1852 utensile
1167 1814 1434 1852 abscondens
1465 1820 1542 1852 est.

84 1886 235 1924 Bibere
266 1899 320 1925 ex
350 1898 456 1925 vase
485 1887 621 1924 vitreo
664 1884 883 1924 iucundius
915 1890 992 1931 est,
1023 1896 1145 1935 quam
1177 1884 1318 1922 bibere
1352 1896 1405 1922 ex
1436 1896 1543 1922 vase

83 1957 320 2011 metallico,
362 1957 484 2008 quale
530 1957 595 1996 sit.
653 1956 807 1995 Facies
851 1956 1104 2006 compotoris
1147 1966 1239 1993 cum
1270 1967 1320 1993 eo
1351 1966 1432 1992 non
1463 1954 1542 1993 de-

84 2026 291 2067 sideratur
322 2026 444 2078 (dum
484 2026 678 2079 tegitur),
723 2038 870 2065 manus
918 2038 998 2064 non
1040 2031 1244 2077 gravatur
1276 2032 1313 2064 et
1364 2026 1541 2076 pretium

84 2099 312 2138 maximum
340 2112 422 2138 non
453 2105 529 2139 est.
586 2098 654 2138 Ex
685 2098 771 2137 auri
810 2097 976 2136 nomine
1019 2096 1203 2147 (abitus)
1236 2097 1389 2135 malum
1420 2108 1542 2135 omen

85 2171 268 2222 capitur,
307 2183 515 2223 nunquam
557 2170 720 2209 bonum.
781 2169 829 2209 Si
867 2169 906 2207 in
949 2176 989 2207 te
1019 2167 1193 2216 decidit,
1231 2174 1274 2207 te
1305 2167 1474 2218 occidit,
1506 2167 1542 2205 si

83 2247 127 2280 tu
156 2242 195 2280 in
225 2241 265 2280 id
298 2241 471 2294 decidis,
504 2247 546 2280 te
584 2240 791 2280 vulnerat.
832 2239 1021 2279 Maxime
1049 2245 1191 2278 autem
1221 2238 1541 2290 vituperandum

83 2317 149 2350 est
195 2310 404 2362 (aurum),
453 2310 565 2363 quod
605 2310 658 2350 ad
700 2310 841 2348 vilium
884 2309 1031 2348 domos
1074 2314 1295 2360 properat,
1341 2316 1382 2347 et
1411 2309 1462 2347 ab
1492 2308 1543 2346 iis

80 2381 336 2434 possidetur,
367 2381 486 2421 tarde
511 2387 649 2420 autem
680 2381 719 2419 iu
748 2391 1050 2432 generosorum
1082 2378 1229 2417 domos
1261 2384 1303 2416 et
1333 2383 1529 2429 potesta-

84 2457 169 2492 tem
201 2453 327 2491 venit.
387 2451 470 2501 Qui
509 2450 549 2489 id
580 2450 788 2501 custodit,
830 2462 925 2488 eum
955 2454 1085 2487 tentat
1115 2448 1361 2499 occiditque.
1420 2447 1539 2486 Unus

84 2522 326 2573 laqueorum
360 2520 509 2559 diaboli
540 2525 627 2569 est,
675 2525 926 2570 quapropter
956 2518 1116 2556 dicunt:
1172 2519 1266 2555 Duo
1308 2517 1426 2555 rubra
1471 2514 1541 2553 vi-

84 2603 155 2630 ros
198 2590 395 2643 perdunt,
454 2589 574 2628 rubra
604 2589 799 2627 mulieres
841 2587 1025 2639 perdunt.
1093 2586 1210 2626 Ollae
1247 2587 1407 2624 vitreae
1438 2597 1543 2623 nie--

86 2663 208 2702 liores
238 2667 357 2712 suut,
399 2672 520 2711 quam
561 2659 666 2698 ollae
696 2658 912 2710 lapideae,
946 2658 1137 2710 rubigine
1176 2669 1256 2695 nou
1285 2656 1527 2695 inficiuntur
