1813 3039
259 248 430 297 gentem
472 244 648 297 eiusque
694 251 738 284 et
788 245 1001 297 cogitandi
1045 251 1088 284 et
1135 244 1306 285 vivendi
1354 246 1558 285 rationem
1599 252 1716 285 recte

259 341 523 384 cognoscere
565 334 706 385 cupit)
745 333 781 371 ei
818 332 1042 384 proverbia
1079 332 1332 386 negligenda
1370 346 1450 372 non
1488 339 1609 384 sunt3
1650 333 1716 371 cui

261 417 449 458 eiusdem
478 418 605 458 libros
636 421 730 459 sive
765 421 956 472 poeticos
998 421 1092 459 sive
1120 420 1345 460 historicos
1375 422 1470 459 sive
1501 421 1605 460 alios
1636 432 1715 460 ac-

260 509 448 545 curatius
478 507 734 558 perscrutari
762 507 802 546 in
837 508 972 546 animo
1003 513 1093 560 est,
1132 507 1167 547 is
1197 507 1249 547 ad
1278 508 1463 547 Arabum
1494 508 1716 559 proverbia

258 600 470 647 recurrat,
511 606 695 634 necesse
734 601 812 634 est.
873 595 967 646 Qua
1010 608 1112 634 vero
1151 609 1197 635 re
1236 595 1435 635 effectum
1466 609 1562 636 esse
1592 596 1717 635 vide-

259 684 347 728 tur,
393 686 440 720 ut
488 681 539 720 ab
583 682 662 721 illis
705 683 984 735 temporibus,
1039 683 1190 734 quibus
1238 683 1278 722 in
1326 684 1495 735 Europa
1543 684 1717 736 linguae

260 768 474 808 Arabicae
504 769 690 809 studium
720 771 880 809 animos
917 776 1167 823 occuparet,
1207 771 1284 809 viri
1313 769 1544 809 doctissimi
1582 772 1715 810 inter-

257 856 472 908 pretandis
515 863 557 895 et
602 857 775 896 edendis
824 858 1058 909 proverbiis
1097 870 1267 910 operam
1308 857 1464 897 darent.
1528 858 1715 898 Primum

259 949 440 996 rogante
477 944 629 982 Isaaco
673 943 928 983 casaubono
971 944 1157 984 Thomas
1199 945 1432 998 Erpenius,
1483 946 1549 996 qui
1589 944 1715 983 studii

264 1032 437 1072 Arabici
478 1034 592 1072 viam
640 1032 897 1072 discentibus
948 1023 1176 1085 patefecit,
1223 1045 1329 1072 anno
1381 1032 1488 1071 1614
1534 1031 1715 1071 ducenta

265 1133 358 1161 cum
413 1133 491 1161 sua
539 1129 582 1160 et
630 1122 799 1174 Iosephi
847 1121 1055 1174 Scaligeri
1105 1121 1442 1172 interpretatione
1490 1121 1714 1172 proverbia

264 1210 461 1263 Lugduni
512 1212 770 1250 Batavorum
820 1209 970 1262 edidit,
1023 1210 1141 1249 cuius
1190 1210 1278 1248 libri
1327 1210 1407 1248 iam
1451 1222 1558 1248 anno
1610 1209 1716 1248 1623

265 1297 390 1337 editio
439 1297 694 1336 emendatior
740 1298 817 1349 ipsi
868 1296 1053 1336 curanda
1096 1302 1197 1335 erat.
1264 1295 1379 1335 Idem
1424 1308 1516 1335 cum
1565 1296 1715 1335 fabulis

263 1386 469 1425 Locmani
509 1398 616 1424 anno
658 1385 763 1423 1615
803 1393 846 1423 et
884 1391 979 1436 post
1009 1397 1117 1423 anno
1153 1383 1257 1422 1636
1287 1382 1532 1436 adagiorum
1563 1390 1716 1423 centu-

264 1475 367 1513 riam
400 1471 852 1525 coniunxit.’{Pri0ren1
877 1471 927 1510 ab
956 1471 1138 1522 Erpenio
1169 1470 1373 1510 editorum
1404 1471 1717 1522 proverbicrum

265 1562 496 1601 centuriam
538 1558 685 1600 Gelius
725 1572 832 1598 anno
876 1558 981 1598 1656
1021 1559 1059 1597 in
1100 1558 1202 1597 libro
1243 1559 1465 1610 inscripto:
1508 1559 1719 1599 Arabicae

264 1651 435 1700 linquae
465 1651 701 1687 tirocinimn
732 1646 883 1685 additis
913 1646 1002 1685 aliis
1037 1645 1174 1685 denuo
1206 1645 1356 1698 edidit,
1396 1658 1475 1685 nec
1506 1660 1585 1685 non
1621 1648 1717 1686 An-

265 1737 391 1778 dreas
432 1738 663 1777 Sennertus
702 1748 808 1776 anno
842 1735 949 1774 1658
978 1735 1302 1788 &vitembergae
1333 1735 1479 1774 eadem
1510 1737 1718 1788 repetivit,

266 1825 466 1864 Albertus
484 1824 778 1863 Schultensius
799 1836 964 1875 quoque
986 1823 1024 1861 in
1043 1822 1211 1875 Erpenii
1234 1823 1507 1875 grammatica
1518 1824 1716 1877 Arabica.

269 1915 321 1953 ab
354 1914 445 1966 ipso
476 1926 584 1952 anno
619 1912 722 1950 1748
751 1919 791 1952 et
822 1911 957 1951 denuo
992 1911 1096 1951 1767
1126 1910 1252 1964 edita).
1292 1912 1525 1963 Erponiana
1552 1912 1717 1966 Adagia

268 2002 390 2042 dedit.
444 2002 547 2040 Tum
580 2000 780 2040 Rsiskius
811 1999 959 2039 edendi
989 2000 1114 2039 totius
1147 2001 1283 2052 operis
1314 1999 1566 2040 desiderium
1597 2002 1717 2040 simui

266 2090 542 2130 manifestans
584 2089 779 2127 nonnulla
817 2101 840 2127 a
869 2089 1017 2128 baculo
1049 2088 1239 2128 derivata
1269 2089 1489 2140 proverbia
1520 2102 1573 2127 ex
1605 2090 1718 2128 Mei-

269 2178 380 2218 danii
429 2190 554 2230 opere
603 2177 737 2215 electa
787 2188 893 2214 anno
946 2175 1051 2214 17:12
1097 2176 1268 2227 Lipsiae
1309 2176 1346 2214 in
1387 2176 1522 2214 lucem
1563 2176 1711 2215 emisit.

271 2266 377 2307 Post
407 2279 501 2306 eum
532 2279 639 2305 anno
674 2265 780 2304 1764
818 2265 895 2303 sub
937 2265 1071 2303 titulo:
1110 2265 1297 2304 Arabum
1339 2265 1604 2314 philosophia
1640 2278 1719 2314 po-

266 2356 434 2406 pnlm·1's
473 2356 586 2393 Ioan.
620 2353 888 2392 christianus
920 2352 1079 2391 Kallias
1118 2353 1234 2404 plura
1272 2353 1493 2404 proverbia
1524 2351 1720 2391 lim-niae

270 2442 424 2494 publici
465 2442 562 2480 iuris
604 2442 716 2480 fecit.
777 2440 1003 2480 scheidius
1044 2439 1220 2492 donique
1258 2453 1365 2478 :inno
1410 2439 1513 2478 1775
1552 2452 1605 2478 ex
1635 2439 1720 2478 Er-

271 2531 459 2584 penianis
500 2530 733 2582 proverbiis
768 2528 887 2581 plura
935 2528 1070 2567 electa
1119 2533 1158 2566 et
1200 2527 1422 2566 emendata
1465 2527 1585 2566 simul
1626 2539 1719 2566 cum

271 2624 441 2658 centum
472 2618 593 2657 novis
626 2631 679 2656 ex
710 2615 911 2656 Meidanii
942 2628 1067 2667 opere
1097 2614 1211 2667 typis
1247 2613 1514 2665 imprimenda
1545 2614 1719 2653 curavit.

382 2706 575 2759 Primus5
622 2704 688 2756 qui
732 2703 910 2742 omnium
951 2701 1289 2753 proverbiorum,
1335 2713 1444 2752 quac.
1485 2699 1721 2739 Meidaiiius

274 2796 519 2847 collegerat.
549 2791 803 2832 edendorum
834 2790 1048 2830 consilium
1080 2790 1204 2842 cepit,
1238 2789 1474 2828 Pocockius
1504 2788 1721 2828 habendus
