1771 3072
779 106 1078 146 -344-

309 230 680 284 Aihaidjumanijja
710 228 797 270 filia
824 229 1067 270 Alahnbarii
1100 227 1515 269 Ahbd-Schemsum
1556 227 1661 267 hen-

198 303 341 356 Sahd,
373 304 439 343 cui
468 300 666 342 Makruhi
698 312 937 355 cognomen
967 306 1083 352 erat,
1130 299 1311 340 amabat.
1369 298 1444 338 Illa
1481 298 1661 351 quodam

198 373 265 416 die
295 375 447 415 certior
476 374 606 424 facta,
637 372 1054 413 Ahbd-Schemsum
1092 372 1132 412 in
1170 372 1370 425 regiones
1413 371 1556 424 gentis
1598 371 1662 409 in-

198 446 438 487 cursionem
468 445 679 484 facturum
709 456 838 495 esse,
896 456 984 483 rem
1014 445 1121 496 patri
1143 456 1222 484 suo
1262 443 1475 484 indicavit.
1533 442 1663 482 Pater

195 525 371 572 gentem
402 528 649 557 convocans
680 516 868 555 nuntium
898 515 1108 568 exposuit.
1155 515 1353 555 Masinns
1383 520 1525 554 autem
1554 513 1664 551 ben-

197 589 329 629 Malic
357 586 629 627 ben-Ahmru
660 585 712 626 de
743 599 790 626 re
820 585 1018 626 dubitans
1047 586 1181 626 verba
1210 586 1292 626 ista
1330 585 1434 625 dixit
1444 615 1458 639 7
1513 585 1663 638 quibus

197 660 267 700 hic
295 670 454 699 sensus
484 658 614 697 inest:
669 657 852 712 „Amat9
883 655 962 696 sed
993 670 1075 697 non
1106 662 1173 697 est
1203 663 1372 709 tempus
1402 656 1584 711 amandi,
1622 663 1666 695 et
1724 702 1726 705 y

198 730 409 785 quomodo
437 731 651 771 Makruho
681 725 886 782 potieris?
920 729 1031 769 Post
1059 740 1213 768 vocem
1239 727 1311 771 οἵ
1336 729 1536 768 omissum
1567 738 1667 766 csse

198 814 341 854 dicunt
368 831 492 880 &³⁵²⁷
505 827 602 853 nam
626 814 666 852 in
686 812 871 853 vocibus
890 811 1142 864 saepissime
1163 809 1374 862 adhibitis,
1401 808 1569 848 etiamsi
1582 819 1667 847 una

198 897 378 947 omissa,
439 908 595 936 sensus
635 896 761 936 facile
801 896 1008 949 cognosci
1047 894 1198 946 possit.
1236 893 1297 932 At
1331 898 1432 932 sunt
1470 891 1563 942 alii,
1596 890 1666 942 qui

197 976 309 1017 ψὰρ
343 965 416 1010 &A
449 979 525 1020 pro
544 968 678 1025 :³an
709 964 736 1010 ἵ
766 980 845 1006 ”ne
865 960 1085 1006 laeteriszac
1108 965 1267 1005 dictum
1284 976 1385 1003 esse
1398 961 1666 1003 contendant.

196 1050 352 1092 Fusius
383 1049 551 1104 quidem
580 1062 668 1090 rem
697 1050 1081 1091 Almofadhdhelus
1112 1049 1330 1103 exposuit,
1362 1047 1440 1087 sed
1470 1060 1596 1100 quum
1613 1047 1667 1086 nil

198 1121 251 1162 ad
281 1133 457 1162 sensum
488 1121 703 1174 proverbii
733 1122 1028 1175 explicandum
1058 1122 1233 1175 faciant,
1264 1134 1316 1160 ea
1333 1121 1402 1160 hic
1424 1120 1505 1160 loci
1528 1120 1664 1162 omisi.

199 1206 308 1246 quae
337 1193 390 1233 ad
419 1193 688 1247 proverbium
721 1194 770 1234 C.
791 1195 954 1249 XXIII,
982 1193 1077 1234 379.
1097 1193 1244 1233 melius
1267 1193 1522 1233 adferentur.
1554 1194 1666 1233 conf.

200 1266 250 1306 C.
280 1266 427 1319 XXV,
449 1265 515 1305 35.
548 1266 935 1306 Samachscharius
966 1265 1085 1319 dixit,
1116 1265 1385 1318 proverbium
1407 1264 1595 1305 adhiberi
1615 1264 1667 1304 de

200 1342 393 1391 optante,
430 1338 500 1391 qui
530 1350 651 1390 spem
681 1337 871 1390 potiundi
899 1336 1114 1377 abiecerit.

550 1450 832 1543 nimy-50
879 1475 967 1546 Ua
1016 1427 1222 1520 2544>
1321 1463 1347 1510 ss

207 1589 278 1629 11.
347 1582 474 1629 Satis
510 1583 599 1630 tibi
637 1594 725 1638 est,
761 1582 946 1629 malum
987 1581 1174 1630 audire.

311 1677 359 1716 Id
389 1685 479 1718 est:
510 1684 733 1719 contentus
764 1679 826 1719 sis
860 1680 1013 1720 malum
1044 1680 1189 1720 audire
1219 1687 1261 1719 et
1300 1693 1380 1719 non
1423 1681 1556 1720 oculis
1599 1681 1664 1720 vi-

203 1749 304 1789 dere
332 1750 422 1788 vel:
454 1749 572 1788 Satis
602 1749 672 1788 tibi
704 1755 772 1789 est
809 1751 962 1790 malum
992 1750 1158 1800 audire,
1199 1752 1280 1791 etsi
1316 1765 1398 1791 non
1437 1753 1667 1804 peregeris.

202 1822 478 1863 Proverbium
508 1821 591 1862 hoc
620 1823 742 1862 matri
761 1821 952 1861 Alrahbii
981 1822 1212 1874 ben-Sijad
1235 1823 1415 1875 Absitae,
1447 1824 1566 1863 cuius
1588 1838 1667 1864 no-

201 1907 298 1934 men
327 1892 553 1933 Fathimah
582 1894 667 1934 filia
694 1894 1003 1934 Alchorschobi
1034 1908 1058 1934 e
1087 1902 1217 1947 gente
1230 1896 1541 1934 Banu-Aumar
1562 1896 1669 1936 ben-

205 1965 370 2019 Baghid
401 1964 534 2005 fuisse
565 1965 729 2021 dicitur)
759 1965 1018 2006 adscribunt.
1077 1966 1306 2006 Alrahbius
1342 1979 1367 2006 a
1397 1967 1530 2006 Kaiso
1562 1968 1669 2008 ben-

205 2038 358 2079 Sohair
370 2037 701 2090 ben-Djasimah
715 2039 884 2079 loricam
896 2045 1137 2091 acceperat.
1155 2039 1315 2079 Kaisus
1330 2046 1471 2079 autem
1483 2040 1670 2080 Alrahbii

205 2118 379 2152 matrem
403 2113 442 2151 in
474 2112 636 2151 camelo
669 2112 895 2153 vehentem
925 2119 1124 2165 tanquam
1149 2113 1318 2166 pignus,
1339 2120 1383 2152 ut
1405 2114 1574 2152 loricam
1598 2126 1669 2151 re-

207 2189 444 2236 cuperaret,
476 2195 624 2222 secum
655 2183 864 2222 abducere
893 2184 1078 2222 volebat.
1118 2184 1174 2222 At
1206 2184 1290 2223 illa:
1323 2196 1432 2235 quae
1464 2191 1530 2223 est
1549 2196 1669 2224 mens

206 2262 296 2307 tua,
338 2260 383 2293 ut
418 2261 594 2293 matrem
630 2254 771 2305 gentis
802 2253 1085 2305 Banu-Sijad,
1130 2265 1313 2306 quacum
1352 2255 1423 2294 tibi
1464 2268 1547 2307 pax
1587 2263 1668 2310 est,

206 2329 288 2367 huc
314 2328 410 2367 illuc
440 2325 651 2365 abducere
681 2327 748 2364 vis
761 2322 783 2364 ’ἒ
814 2327 860 2364 ln
884 2326 1094 2365 hominum
1114 2327 1465 2378 vituperationem
1486 2340 1670 2368 necesse

209 2407 289 2452 est,
320 2399 470 2439 venias
502 2407 545 2438 et
581 2399 687 2437 satis
720 2397 790 2437 tibi
827 2403 894 2436 est
923 2397 1075 2436 malum
1115 2398 1283 2441 andire:
1323 2412 1417 2439 nam
1457 2401 1668 2442 hominum

208 2472 478 2525 vituperatio,
510 2477 554 2509 et
582 2471 619 2509 si
649 2470 742 2509 sinc
770 2481 903 2509 causa
924 2475 1004 2522 est,
1038 2475 1177 2509 tamen
1207 2471 1359 2511 homini
1377 2472 1570 2512 dedecori
1589 2481 1669 2512 est.

209 2546 255 2583 ln
294 2543 502 2582 dedecore
532 2549 574 2582 et
603 2542 812 2581 hominum
836 2542 1143 2593 vituperatione
1173 2544 1437 2594 proverbium
1458 2544 1666 2586 adhibent.

211 2617 373 2657 (tecinit
405 2616 551 2656 mulier
582 2615 794 2668 quandam:

344 2725 497 2767 &eL-..m
537 2730 586 2775 ,ἔτι
621 2747 676 2778 0-
714 2722 864 2780 uix-539
1007 2723 1138 2780 Lod&
1171 2724 1208 2776 ξ,
1246 2724 1323 2766 ’κρυ
1360 2726 1537 2778 „ygh-‚w
