1771 3072
704 148 1005 189 ...ow-

117 279 301 320 necavit.
336 279 444 318 Tum
482 275 647 316 interim
682 274 987 329 expergefacto
1024 271 1220 314 Ohtbaho
1256 270 1381 314 dixit:
1418 271 1467 314 Si
1507 272 1576 313 lo-

116 360 250 399 quens
296 352 339 386 te
386 355 657 399 commoves7
706 347 750 381 te
805 354 972 393 quoque
1009 337 1217 382 occidam!
1272 339 1353 379 His
1385 340 1576 393 peractis

117 426 270 466 equum
310 410 557 452 conscendit
594 415 638 449 et
673 408 779 463 fuga
814 408 990 448 salutem
1018 407 1150 460 petiit.
1191 406 1413 448 Ohtbahus
1434 412 1578 446 autem

117 480 303 520 clamore
320 478 486 517 sublato
509 477 560 517 ad
588 477 706 531 regis
743 476 880 514 aulam
918 474 1098 514 tetendit
1118 473 1276 524 dicens,
1311 473 1578 513 Alharitsum

116 546 234 600 regis
270 545 394 584 fidem
431 544 571 584 datam
611 543 750 582 occiso
789 541 966 581 Clialido
1006 541 1164 580 irritam
1194 540 1368 580 fecisse.
1406 539 1576 580 Alnoh-

115 625 262 652 manus
300 611 445 650 statim
482 610 533 650 ad
569 607 906 663 persequendum
943 607 1104 659 equites
1142 607 1270 646 misit.
1332 606 1472 646 Primo
1511 606 1577 646 di-

116 678 251 718 luculo
290 690 385 718 eum
423 678 616 717 assecuti
662 682 775 715 sunt.
847 674 1092 714 Alliaritsus
1132 687 1229 713 cum
1275 674 1325 712 iis
1375 685 1573 727 pugnans

116 745 306 799 singulos
348 756 440 784 cum
476 756 526 783 co
565 744 810 795 dimicantes
848 741 1012 797 occidit,
1050 741 1221 796 agmina
1238 739 1451 792 dispersit,
1477 739 1575 779 dum

117 812 350 865 pugnabat,
394 810 506 850 hunc
541 823 719 850 versum
750 820 936 851 canens:

181 879 258 970 {1³³²
287 884 402 967 ὡς
429 890 555 979 &2322
589 889 748 975 ὀμ
779 889 833 960 ε,;
862 884 1038 962 offis*
1067 887 1213 974 &aa
1251 879 1331 960 ἐξ
1355 877 1423 960 ,Ξ
1460 877 1513 944 a?

114 1012 244 1066 „Ego
284 1023 379 1050 sum
415 1010 666 1050 Abu-Laila
701 1015 744 1049 et
779 1008 948 1063 gladius
999 1020 1116 1047 meus
1153 1007 1193 1047 in
1243 1007 1393 1059 capulo
1440 1019 1575 1046 nervo

117 1078 334 1132 obligatus
374 1083 458 1120 est.
497 1076 599 1127 Quis
636 1076 731 1116 emit
762 1075 951 1130 gladium
987 1087 1129 1114 meum
1165 1080 1210 1114 et
1245 1072 1328 1113 hoc
1364 1060 1459 1113 eiu⁸s
1489 1073 1577 1114 ful--

116 1156 197 1198 gor
233 1139 594 1184 est2“*Metrum
629 1141 754 1182 Sarih
791 1145 871 1180 est.
908 1154 948 1193 p.
977 1140 1086 1180 245.

246 1210 354 1250 Eum
380 1214 694 1262 persequentes
713 1207 872 1247 infecta
892 1220 939 1247 re
961 1213 1252 1248 recesserunt.
1293 1206 1577 1246 Proverbium

115 1281 259 1316 autem
296 1276 517 1316 adhibetur
553 1275 594 1314 in
629 1274 840 1328 cautione,
885 1273 923 1313 si
959 1287 1015 1313 ex
1053 1273 1259 1314 eiusmodi
1297 1287 1344 1313 re
1382 1273 1576 1313 damnum

116 1343 396 1396 percepimus.
433 1341 816 1382 Samachscharius
845 1340 964 1394 dixit,
1003 1341 1275 1392 proverbium
1311 1339 1500 1380 adhiberi
1525 1339 1578 1379 de

115 1409 226 1463 viro,
267 1409 335 1460 qui
370 1422 460 1448 rem
495 1407 788 1463 aggrediatur,
829 1419 954 1458 quam
987 1407 1070 1446 iam
1107 1413 1316 1458 expertus
1354 1407 1424 1446 sit.

247 1474 516 1529 Alaghlabus
552 1473 721 1527 Ihdjlita
743 1473 1014 1525 proverbium
1037 1473 1185 1512 versui
1202 1473 1382 1513 inseruit
1408 1472 1574 1514 dicens:

205 1558 286 1649 „jz-‘fs
313 1563 430 1643 ὡς
459 1569 556 1640 agg,
589 1567 743 1648 &ji-‘5³⁴'
767 1575 826 1640 ως
857 1567 996 1628 ἱερά
1033 1574 1065 1627 ι’,
1099 1602 1206 1641 Ua„
1241 1584 1278 1639 g
1313 1566 1352 1627 3]
1389 1568 1493 1632 §.ntz-

114 1689 269 1745 „Dixit
308 1689 505 1744 (mulier)
543 1689 727 1745 ei9inter
749 1702 813 1740 ea,
847 1701 955 1741 quae
974 1690 1226 1741 composuit.
1266 1688 1373 1740 Quis
1394 1688 1579 1743 gladitun

117 1757 219 1796 emit
255 1761 295 1798 et
331 1756 400 1797 hic
437 1758 532 1797 eius
570 1755 711 1810 fulgor
749 1761 818 1795 est
833 1750 891 1794 ‘W
925 1757 1113 1796 Mettum
1135 1755 1300 1810 Redjes
1322 1762 1402 1796 est.
1422 1754 1578 1808 12:231.

612 1828 658 1856 :rt
719 1830 773 1855 ἔκ
834 1836 853 1855 0
875 1843 898 1854 ο

601 1889 660 1949 5?
708 1883 769 1946 ἐς
815 1884 900 1951 &¹⁹
1000 1871 1072 1921 r‘t‘l

119 1974 227 2014 299.
268 1967 367 2030 Qui
409 1968 577 2024 vincit,
614 1966 800 2033 praeda
841 1968 1044 2032 potitur.

246 2040 366 2079 Dixit
399 2039 798 2093 Almofadhdhelus7
839 2040 977 2079 virum
1014 2053 1037 2078 e
1074 2044 1206 2093 gente
1238 2038 1345 2078 Thai
1371 2037 1424 2078 ad
1449 2036 1578 2076 fami-

117 2107 213 2146 liam
250 2106 562 2146 Banu-Tsoahl
597 2107 887 2158 pertinentem,
927 2106 994 2146 cui
1030 2105 1178 2158 Djabir
1213 2104 1460 2144 ben-Ralan
1498 2115 1580 2142 no-

117 2187 214 2212 men
239 2177 374 2226 esset,
411 2173 588 2223 primum
614 2174 697 2212 ista
731 2174 866 2212 verba
903 2172 1078 2214 dixisse.
1116 2172 1194 2211 Vir
1230 2172 1310 2212 iste
1348 2182 1441 2210 cum
1468 2169 1580 2210 duo-

115 2241 196 2279 bus
214 2240 345 2279 sociis
366 2239 446 2278 iter
480 2238 639 2278 faciens
678 2240 718 2278 in
754 2239 845 2278 loco
882 2238 1175 2293 Altsawijjah,
1217 2239 1285 2290 qui
1303 2251 1413 2290 pone
1429 2237 1579 2276 Hiram

117 2318 252 2358 prope
290 2305 342 2345 ad
378 2304 532 2344 Cufam
571 2306 680 2346 situs
720 2312 835 2357 erat,
884 2306 1139 2345 Alnohmani
1187 2302 1578 2345 ben-Mai-ssemai

118 2373 330 2423 equitibus
366 2370 430 2410 die
467 2371 649 2412 infausto
679 2374 879 2424 occurrit,
916 2385 996 2424 quo
1032 2372 1325 2412 Alnohmanus
1349 2369 1580 2424 quemlibet

116 2438 156 2476 in
193 2439 334 2490 ipsum
370 2437 623 2478 incidentem
664 2438 858 2478 occidere
896 2440 1078 2484 solebat,
1117 2438 1263 2478 Causa
1298 2437 1477 2489 hujusce
1502 2434 1582 2474 diei

115 2504 156 2542 in
179 2504 284 2542 libro
309 2504 392 2543 Cit.
429 2503 586 2558 Alagh.
624 2504 836 2556 descripta
857 2511 938 2545 est.
975 2506 1121 2546 Verba
1141 2510 1282 2544 autem
1303 2504 1358 2543 ibi
1388 2500 1578 2542 Ohhaido

115 2569 154 2608 1).
191 2570 379 2608 Alabraz
423 2568 728 2611 adscribuntur.
797 2571 1088 2611 Alnohmanus
1132 2577 1289 2625 autem,
1336 2581 1463 2621 quum
1499 2566 1579 2606 ad-

115 2635 386 2689 ducerentur)
424 2642 568 2675 sortes
606 2637 764 2677 ducere
803 2649 876 2677 cos
913 2638 1037 2677 iussit
1076 2637 1239 2691 dicens,
1276 2649 1327 2675 se
1365 2647 1478 2689 eum,
1508 2632 1577 2685 qui

115 2707 235 2740 sorte
269 2702 464 2751 vicisset,
500 2703 679 2743 liberum
714 2703 983 2744 dimissurum
1020 2716 1137 2756 esse,
1175 2703 1279 2742 duos
1301 2701 1486 2752 reliquos
1502 2711 1578 2739 oc-

115 2767 315 2807 cisurum.
353 2768 534 2823 Accidit,
573 2775 621 2808 ut
654 2769 829 2822 Djabiro
865 2770 977 2810 bona
1011 2782 1108 2809 sors
1135 2768 1414 2823 contingeret.
1454 2765 1578 2817 Qua-
