1771 3072
777 80 1084 121 ...543-

216 197 412 252 wijjahus
441 200 580 254 oppidi
607 201 804 243 Medinae
836 201 1052 255 praefecto
1080 201 1291 242 Alwalido
1321 200 1661 255 ben-Alkabah,

216 276 264 311 ut
285 272 627 313 Om.-·Chalidam
657 272 709 312 de
737 286 783 313 re
812 274 1032 313 certiorem
1060 273 1221 313 faceret
1250 279 1294 313 et
1322 279 1368 313 ut
1395 274 1468 314 illa
1496 280 1662 326 tempus

214 350 312 396 post
349 343 563 396 repudium
602 343 711 406 (sexa
749 344 1027 397 appellatum]
1066 344 1383 400 ingrederetur,
1427 345 1662 398 imperavit.

216 413 426 464 Tempore
473 417 614 451 autem
658 417 756 463 post
801 411 1016 464 repudium
1068 424 1123 451 ex
1170 411 1338 464 legibus
1385 411 1502 452 finito
1536 411 1664 451 Abu-

213 484 505 538 Horairahum,
534 483 601 523 cui
625 483 852 537 sexaginta
878 483 1005 523 millia
1033 496 1257 523 aureorum
1287 482 1529 536 tradiderat,
1560 482 1663 522 Me-

215 554 351 595 dinam
390 555 525 608 misit,
566 558 614 593 ut
653 566 729 607 pro
766 554 918 595 Jasido
960 554 1309 595 Om-Chaiidam
1356 559 1577 607 expeteret
1621 559 1665 593 et

217 626 366 680 viginti
394 626 520 665 millia
548 638 770 666 aureorum
798 626 893 666 loco
917 625 1040 681 dotis,
1064 626 1216 679 viginti
1242 625 1367 665 millia
1396 626 1437 665 in
1464 625 1665 665 honorem

215 697 381 762 (μὶ-ς)
420 703 462 738 et
498 697 649 750 viginti
688 698 816 738 millia
852 697 959 738 dono
999 699 1036 737 ei
1086 697 1268 738 offerret.
1332 699 1478 738 Noctu
1525 704 1666 738 autem
1703 689 1705 691 ¹

214 777 343 818 quum
370 764 757 805 Abu-Horairahus
786 762 1002 804 Medinam
1029 765 1310 817 pervenisset,
1341 770 1514 817 postero
1543 776 1667 803 mane

215 836 270 876 ad
297 837 528 890 prophetae
557 837 798 890 sepulcrum
827 835 1005 875 tendens
1035 836 1219 888 pluribus
1247 837 1375 891 viris,
1407 850 1462 876 ex
1492 848 1667 889 quorum

213 922 386 949 numero
414 909 656 949 Alhasanus
687 915 730 949 et
757 908 1016 948 Alhosainus
1045 908 1158 948 Ahlii
1187 908 1259 948 filii
1290 914 1429 962 erant,
1469 908 1667 960 occurrit,

215 980 284 1034 qui
314 980 366 1020 de
394 981 551 1020 itineris
583 992 714 1020 causa
754 979 955 1018 certiores
993 974 1095 1018 sacti
1133 991 1280 1018 omnes
1320 993 1415 1019 eum
1452 983 1666 1033 rogarunt,

213 1057 260 1092 ut
310 1052 422 1104 apud
467 1050 816 1092 Om-Chalidam
861 1050 1135 1090 honorificam
1181 1050 1366 1103 ipsorum
1414 1051 1667 1090 mentionem

215 1124 388 1164 faceret.
449 1123 589 1175 Quum
625 1123 750 1176 igitur
789 1122 1195 1162 Abu-Horairahus
1244 1123 1408 1162 mulieri
1456 1121 1668 1162 adventus

214 1206 388 1235 causam
429 1195 698 1246 exposuisset
736 1199 780 1233 et
820 1193 996 1233 aliorum
1039 1206 1206 1246 quoque
1245 1194 1325 1246 ipsi
1364 1194 1669 1234 occurrentium

214 1267 457 1306 nominatim
486 1266 739 1306 mentionem
775 1265 978 1316 fecisset,
1017 1265 1166 1304 mulier
1204 1265 1319 1305 dixit.
1379 1265 1503 1317 Quod
1533 1266 1571 1305 si
1600 1272 1672 1306 tua

214 1339 423 1378 sententia
461 1351 543 1377 non
583 1338 747 1377 omnino
788 1335 926 1377 differt
963 1349 990 1376 a
1024 1349 1146 1390 mea,
1192 1337 1245 1377 nil
1285 1337 1428 1389 cupio,
1479 1338 1560 1377 nisi
1571 1366 1585 1390 9
1625 1344 1671 1377 ut

214 1410 413 1450 Meccam
456 1410 730 1463 proficiscens
781 1409 821 1448 in
867 1408 1010 1461 templi
1055 1408 1272 1448 vicinitate
1311 1408 1505 1448 habitans
1555 1409 1670 1449 vitae

214 1481 340 1522 finem
379 1488 639 1535 exspectem.
699 1482 807 1521 Tum
845 1480 1274 1520 Abu-Horairahus:
1310 1481 1424 1520 Huic
1461 1486 1532 1520 tuo
1563 1493 1670 1521 con-

214 1555 306 1595 silio
338 1554 536 1595 adsentiri
572 1568 654 1595 non
690 1566 878 1607 possum.
935 1554 1058 1607 Elige
1096 1554 1222 1607 igitur
1264 1554 1370 1593 inter
1409 1554 1527 1593 viros
1571 1554 1672 1593 mihi

214 1628 457 1681 coniugem,
512 1626 616 1666 dixit
660 1627 818 1666 mulier.
890 1626 951 1665 At
994 1625 1422 1677 Abu-Horairahus3
1471 1626 1544 1666 tibi
1589 1626 1672 1679 ipsi

214 1699 407 1738 maritum
448 1692 603 1751 eligas!
662 1698 857 1750 Minime,
897 1697 1027 1749 inquit
1060 1697 1227 1747 mulier,
1267 1696 1440 1749 faciam3
1481 1698 1554 1737 tibi
1593 1710 1669 1750 pro

216 1782 283 1810 me
313 1769 553 1823 eligendum
583 1774 660 1808 est.
714 1769 789 1809 Sic
820 1773 998 1807 coactus
1033 1767 1150 1821 dixit,
1183 1768 1294 1820 quod
1324 1768 1377 1807 ad
1408 1782 1475 1808 me
1504 1769 1669 1822 attinet,

215 1840 288 1880 tibi
329 1840 538 1879 dominum
580 1852 732 1887 meum,
779 1839 962 1892 paradisi
1003 1839 1233 1878 incolarum
1286 1839 1497 1894 iuvenem,
1547 1840 1672 1893 eligo.

216 1911 366 1950 Mulier
395 1923 444 1951 se
474 1911 574 1963 isto,
606 1911 769 1949 scilicet
797 1910 1016 1950 Alhasano
1051 1910 1259 1949 ben-Abii
1289 1917 1528 1951 contentam
1559 1923 1672 1965 esse,

217 1982 461 2024 declaravit.
521 1982 643 2034 Quae
674 1988 763 2022 erat
793 1994 948 2036 causa,
990 1988 1034 2022 ut
1065 1983 1312 2023 Alhasanus
1344 1996 1436 2023 eam
1467 1984 1518 2022 ab
1547 1984 1672 2023 Abu-

218 2054 452 2094 Horairaho
490 2054 531 2093 in
567 2053 870 2093 matrimonium
910 2054 1136 2106 acciperet.
1193 2055 1578 2095 Abu-Horairahus
1616 2067 1672 2095 ex

218 2127 361 2166 itinere
400 2126 532 2166 redux
570 2125 634 2165 his
675 2126 817 2166 verbis
858 2126 909 2165 ab
954 2124 1309 2178 Almoahwijjaho
1354 2133 1552 2179 receptus
1593 2133 1673 2166 est.

218 2199 320 2238 Misi
349 2204 416 2250 te,
465 2204 511 2237 ut
545 2210 620 2250 pro
656 2197 739 2238 filio
771 2211 864 2237 meo
896 2211 989 2237 cam
1017 2199 1056 2236 in
1087 2199 1391 2238 matrimonium
1426 2207 1672 2254 expeteres,

220 2284 302 2311 non
337 2278 382 2310 ut
422 2277 619 2324 tanquam
662 2271 721 2310 rei
761 2269 1010 2310 vendendae
1059 2271 1298 2323 praefectus
1345 2285 1502 2311 essese.
1564 2274 1670 2312 Tum

220 2342 615 2382 Abu-llorairahus
653 2342 885 2395 respondit:
929 2342 1030 2382 „Illa
1065 2355 1132 2381 me
1163 2343 1392 2397 consuluit,
1435 2345 1501 2396 qui
1531 2351 1670 2384 autem

222 2413 462 2467 consulitur,
494 2414 600 2453 fidus
633 2426 730 2454 esse
762 2414 924 2453 debete-¹
973 2413 1041 2454 Ad
1067 2427 1158 2467 quae
1185 2414 1519 2466 Moahwijjahus
1549 2416 1670 2456 dixit:

477 2483 627 2525 ost-§J
673 2485 775 2554 {Lm
812 2502 873 2546 ῳ)
1011 2483 1137 2525 wil>
1180 2485 1238 2530 „ol
1272 2486 1410 2549 6,μῖ

735 2552 866 2593 ικαὶ»
891 2556 967 2611 5255:
1004 2552 1124 2602 0..ὲῖ

226 2624 388 2664 ”Salva
424 2625 485 2665 sis
517 2625 846 2679 oin-Chalida,
878 2638 1008 2679 saepe
1038 2626 1203 2680 quidam
1235 2628 1263 2667 it
1293 2640 1366 2680 pro
1396 2627 1598 2679 sedente,
1629 2636 1670 2668 et

278 2707 408 2749 saepe
439 2697 569 2738 edens
598 2710 678 2737 non
707 2697 885 2737 laudam
