1813 3039
646 449 999 505 Pnfflpmo.

95 652 222 707 Inter
263 669 400 709 omnia
413 698 427 722 9
474 682 584 722 quae
631 683 654 709 e
697 678 838 712 mente
884 671 1067 711 humana
1114 670 1374 723 prodierunt,
1428 683 1553 721 opera

98 759 258 800 nullum
297 773 400 800 sane
446 762 647 812 reperitur
696 763 813 803 tanta
857 763 1038 802 omnium
1088 763 1328 802 adtentione
1368 760 1553 815 dignum,

96 849 254 900 quanta
291 850 480 903 gentium
520 852 767 905 proverbia)
819 858 864 892 ut
904 853 1013 891 enim
1053 865 1106 891 ex
1147 852 1287 890 fructu
1327 850 1450 890 arbor
1492 849 1555 887 sic

96 950 151 976 ex
191 938 507 990 proverbiorum
544 939 714 992 natura,
752 940 887 993 qualis
925 941 980 979 sit
1027 940 1196 979 cuilibet
1234 941 1350 991 genti
1385 937 1555 990 propria

96 1014 487 1078 mentisconditio,
521 1026 805 1078 cognoscitur.
864 1027 1096 1066 Proverbia
1126 1038 1223 1065 cum
1263 1023 1475 1078 cogitandi
1514 1031 1555 1062 et

97 1112 303 1151 sentiendi
347 1114 506 1152 ratione
546 1115 814 1166 moribusque
851 1115 992 1168 gentis
1028 1114 1168 1153 intime
1205 1111 1474 1151 cohaerentia
1513 1113 1551 1149 in

96 1199 306 1239 hominum
357 1201 489 1241 vitam
541 1213 803 1241 communem
859 1215 936 1241 nos
985 1201 1267 1240 introducunt.
1340 1197 1552 1250 Historia,

96 1288 232 1340 qualis
280 1288 404 1328 fuerit
448 1296 624 1330 externa
670 1291 812 1344 gentis
861 1290 1068 1341 conditio,
1114 1291 1261 1340 docet3
1306 1287 1551 1341 proverbia,

96 1377 230 1429 qualis
261 1377 384 1417 fuerit
417 1379 644 1419 animorum
684 1385 858 1429 natura,
902 1378 1145 1430 ostendnnt3
1185 1378 1358 1417 historia
1397 1377 1552 1429 singu-

94 1466 229 1505 lorum
267 1465 477 1506 hominum
516 1467 729 1521 cogitandi
766 1467 1006 1521 agendique
1043 1467 1245 1506 rationem
1282 1472 1323 1504 et
1354 1477 1479 1517 quam
1511 1465 1550 1503 in

94 1560 225 1594 totam
267 1561 438 1608 gentem
483 1556 677 1596 habuerit
723 1557 834 1611 vim,
886 1556 1106 1606 describit3
1156 1555 1378 1607 proverbia
1425 1552 1552 1592 totius

93 1643 234 1695 gentis
264 1649 306 1683 et
336 1644 549 1696 cogitandi
584 1650 626 1684 et
665 1644 819 1698 agendi
860 1645 1062 1684 rationem
1103 1642 1301 1695 depingit.
1360 1642 1551 1681 Prover-

93 1731 251 1771 biorum
291 1731 404 1772 dicta
444 1746 692 1786 quamquam
742 1738 839 1772 sunt
882 1745 907 1772 a
947 1731 1128 1784 singulis
1174 1730 1360 1784 prolata,
1410 1736 1549 1768 tamen

94 1829 145 1856 eo
152 1847 169 1870 3
210 1819 320 1871 quod
356 1820 395 1859 in
427 1821 638 1872 proverbii
667 1819 1012 1859 consuetudinem
1058 1824 1285 1870 venerunt,
1326 1823 1414 1857 tota
1443 1829 1550 1870 gens

93 1905 172 1943 sibi
220 1906 487 1960 vendicavit,
535 1915 582 1947 ut
627 1909 758 1948 totius
809 1908 949 1961 gentis
998 1907 1210 1960 cogitandi
1257 1905 1549 1957 sentiendique

93 1991 240 2030 rationi
277 1995 570 2034 convenientia
604 1995 788 2046 putanda
825 1995 918 2034 sint.

209 2079 304 2130 Quo
335 2087 475 2121 autem
505 2083 631 2122 altius
662 2083 811 2135 cuique
840 2082 956 2135 genti
987 2082 1152 2133 propria
1192 2089 1233 2120 et
1263 2080 1477 2134 cogitandi
1506 2086 1547 2119 et

94 2166 298 2206 sentiendi
337 2169 521 2221 vestigia
560 2171 794 2221 proverbiis
841 2170 1045 2221 impressa
1087 2175 1208 2222 sunt,
1259 2181 1309 2207 eo
1359 2168 1546 2221 digniora

95 2260 194 2294 sunt
224 2255 294 2294 illa
322 2257 468 2296 nostra
505 2257 756 2297 adtentione.
818 2257 913 2308 Qua
942 2257 982 2295 in
1012 2269 1057 2295 re
1087 2268 1220 2295 causa
1249 2255 1432 2295 videnda
1461 2262 1545 2308 est,

95 2354 171 2382 cur
209 2344 398 2384 Arabum
444 2345 669 2397 proverbia
710 2357 810 2397 prae
856 2343 1037 2384 caeteris
1076 2350 1341 2396 mereantur,
1392 2344 1543 2394 quibus

93 2443 236 2472 curam
279 2445 533 2485 operamque
589 2445 806 2473 navemus.
880 2432 1045 2471 Arabes
1094 2444 1220 2483 quum
1272 2430 1544 2470 sententiosis

92 2520 504 2573 proverbialibusque
548 2520 743 2573 loquendi
788 2519 924 2559 modis
972 2518 1248 2558 vehementer
1296 2517 1424 2556 dediti
1469 2529 1543 2556 es·-

93 2613 210 2661 sent,
257 2620 412 2661 magno
449 2608 764 2660 proverbiorum
802 2620 1000 2659 numero,
1042 2606 1188 2658 quibus
1229 2618 1374 2645 eorum
1404 2617 1543 2644 mores

94 2700 138 2732 et
175 2694 378 2733 sentiendi
425 2694 720 2747 cogitandique
766 2694 871 2733 ratio
915 2700 1114 2734 accurate
1154 2692 1454 2746 depinguntur,
1500 2698 1538 2730 et

95 2783 133 2821 in
173 2783 340 2834 poetica
384 2789 427 2822 et
473 2783 514 2824 in
558 2783 696 2822 soluta
738 2782 925 2823 oratione
974 2782 1245 2822 occurrimus.
1313 2780 1394 2831 Qui
1431 2780 1538 2819 illam

1236 2848 1260 2861 ,ι

1240 2861 1257 2870 ’ν-
