1771 3072
687 128 989 168 ,443-

112 255 363 296 curvitatem
394 258 436 292 et
466 251 785 291 declinationem
827 251 868 288 in
909 262 990 288 uno
1033 248 1209 288 humero
1239 248 1467 301 significat.
1498 248 1572 287 Sic

111 323 491 367 Samachscharius
521 321 787 374 proverbium
830 319 1061 359 adnotavit.
1120 320 1218 359 Vox
1248 315 1340 369 3253
1379 319 1570 359 declina-

109 409 264 447 tionem
294 419 320 446 a
349 410 465 444 recto
496 411 537 443 et
558 403 799 442 iniustitiam
823 400 1021 454 sigificat.
1054 403 1112 442 At
1142 415 1246 441 vero
1278 402 1313 441 si
1344 401 1567 440 lectionem

108 479 237 545 “55⁵¹‘'
266 477 475 528 admittis,
517 474 771 527 obliquitatis
814 475 853 512 in
888 487 968 514 uno
1000 474 1122 513 faciei
1153 474 1285 514 latere
1315 472 1566 527 significatio

110 561 332 614 proverbio
362 559 573 599 convenit.

460 693 470 697 ἢ
539 678 558 689 2
596 678 618 690 μ
722 679 742 689 a
818 681 832 690 ,
905 678 923 689 .-
958 669 974 690 2

459 693 634 754 ὼ)
684 693 851 754 ahie„
899 689 1006 768 „m
1107 705 1166 753 εεΛ

564 784 588 796 ae
686 784 703 798 2
752 785 774 795 θ
923 784 942 797 l
986 784 1008 797 V

114 862 225 908 118,
264 859 406 905 Omni
444 858 596 905 verbo
624 857 985 905 inconsiderate
1022 855 1156 902 dieto
1194 855 1430 920 colligens
1455 865 1541 902 est.

220 970 495 1009 Alazmaihus
534 970 686 1022 aliique
721 969 995 1020 adnotarunt,
1041 980 1195 1008 vocem
1224 966 1360 1010 κῶμα
1390 967 1567 1006 verbum

110 1062 223 1103 esse,
269 1064 351 1103 quo
391 1051 515 1090 homo
556 1051 866 1090 inconsiderate
911 1052 1070 1103 prolato
1111 1057 1235 1089 erret.
1275 1050 1381 1089 Tale
1419 1055 1561 1088 autem

109 1123 282 1161 verbum
327 1122 378 1161 ab
433 1122 628 1161 audiente
665 1122 717 1161 ad
757 1122 862 1161 alios
917 1121 1078 1160 deferri.
1138 1122 1300 1160 Littera
1339 1131 1356 1161 8
1395 1121 1434 1159 in
1466 1131 1576 1159 voce

109 1203 246 1256 &12:337
279 1209 327 1242 ut
364 1205 430 1242 vis
470 1204 667 1242 vocabuli
706 1208 913 1256 augeatur
963 1209 1036 1243 aut
1073 1209 1117 1242 ut
1157 1201 1425 1254 praecedenti
1473 1201 1572 1240 voci

108 1297 296 1326 consona
326 1286 394 1337 sit,
426 1284 566 1324 addita
597 1290 674 1324 est.
735 1286 855 1336 Sunt,
877 1284 947 1336 qui
977 1283 1134 1335 dicant,
1158 1284 1369 1336 proverbii
1399 1296 1573 1323 sensum

108 1369 228 1396 esse:
289 1355 410 1396 Omni
464 1355 771 1396 inconsiderate
813 1355 924 1394 dieto
956 1355 1067 1394 auris
1096 1361 1188 1407 est,
1229 1354 1435 1406 siquidem
1464 1353 1577 1394 auris

108 1428 240 1467 verba
277 1427 461 1480 colligat.

487 1536 649 1637 3—er
699 1559 855 1640 &2ss?
904 1556 1038 1633 &m
1138 1571 1186 1622 iri

114 1727 219 1771 119.
295 1721 404 1768 Nox
441 1721 659 1770 incidens
696 1723 882 1769 malum
910 1722 1171 1769 abscondit

159 1816 285 1866 Quod
306 1818 372 1855 vis
392 1829 612 1871 peragere,
636 1823 763 1856 noctu
786 1829 964 1870 perage,
990 1829 1075 1856 nox
1097 1818 1204 1857 enim
1229 1823 1440 1857 secretum
1462 1822 1578 1856 tuum

110 1886 224 1939 tegit.
283 1887 428 1926 Verba
458 1887 565 1926 haec
596 1888 806 1939 Sarijjaho
848 1888 1208 1928 ben-Ohwaimir
1238 1887 1572 1927 ben-Abi-Ahdi

111 1955 347 1995 Ohkailita'e
377 1956 684 1995 adscribuntur.
717 1958 950 1996 'l'aubahus
969 1957 1342 2008 ben-Alhomajjir,
1373 1958 1573 2010 gentibus

112 2025 526 2066 Banu-Chafadhah
557 2033 599 2065 et
627 2028 915 2066 Banu-Aulis
938 2029 1197 2080 litigantibus
1229 2028 1337 2080 apud
1367 2030 1576 2069 Hamma-

112 2108 223 2135 mum
268 2095 636 2135 ben-Motharref
675 2097 958 2151 Olikailitam,
996 2111 1121 2151 quem
1168 2100 1416 2139 Merwanus
1466 2100 1574 2139 ben-

112 2167 303 2206 Alhacim
325 2168 465 2219 gentis
492 2168 789 2207 Banu-Ahmir
813 2168 984 2208 decimis
1009 2175 1327 2221 praeposuerat,
1355 2183 1381 2210 a
1407 2171 1576 2209 Tsauro

111 2239 506 2279 ben-Abi-Simaln]
542 2239 752 2279 Ohkailita
778 2240 817 2279 in
847 2240 957 2279 faeie
988 2241 1232 2280 vulneratus
1274 2246 1375 2282 erat.
1435 2242 1574 2281 Ham-

113 2322 275 2349 mamus
300 2309 522 2363 Taubaho,
543 2314 589 2348 ut
618 2322 666 2348 se
695 2310 946 2365 vindicaret,
976 2313 1188 2363 permisit3
1217 2311 1295 2351 sed
1325 2312 1390 2350 ille
1433 2311 1577 2352 facere

112 2382 326 2420 recusavit
381 2380 553 2432 dicenS,
599 2381 680 2420 hoc
732 2383 893 2422 nonnisi
949 2395 1042 2422 eum
1081 2384 1320 2423 Hammami
1364 2395 1576 2423 consensu

113 2453 269 2492 factum
308 2464 408 2491 esse
449 2458 491 2490 et
527 2452 564 2490 in
606 2454 712 2492 alius
752 2455 991 2506 praesentia
1030 2456 1241 2495 Tsaurum
1285 2455 1394 2494 haec
1435 2466 1569 2494 ausu-

116 2535 203 2561 rum
249 2535 330 2561 non
371 2522 518 2561 fuisse.
552 2523 710 2564 Postea
740 2524 972 2565 Taubahus
993 2527 1149 2565 eei-tior
1177 2526 1338 2578 factus,
1368 2527 1576 2565 Tsaurum

115 2606 211 2633 cum
241 2594 369 2633 sociis
400 2593 452 2633 ad
482 2607 650 2648 aquam,
681 2608 802 2648 quam
845 2596 1128 2651 possidebant,
1161 2596 1324 2648 Djarim
1354 2595 1425 2634 vel
1466 2594 1576 2646 Djo-

116 2667 200 2706 rain
238 2665 490 2718 appellatam
519 2667 596 2705 iter
637 2668 793 2718 faeere,
834 2681 928 2709 eum
970 2681 1064 2709 cum
1103 2668 1232 2708 sociis
1274 2672 1448 2707 secutus
1495 2671 1562 2705 est

115 2736 253 2787 Quum
299 2742 436 2776 autem
475 2738 701 2777 Taubahus
743 2752 818 2778 eos
859 2740 969 2791 apud
1018 2737 1300 2791 Sarijjahum,
1350 2738 1420 2790 qui
1467 2747 1573 2777 unus
