1771 3072
798 74 1098 115 „544-

334 196 555 238 Publicare
583 209 670 236 rem
697 207 779 235 non
807 206 1009 249 possum,
1048 200 1272 248 propterea
1315 191 1428 247 quod
1463 191 1675 245 publicare

226 266 323 307 mihi
350 268 556 321 ingratum
587 272 664 306 est.
696 266 817 307 Conf.
846 279 907 319 pr.
934 265 1001 306 56.

628 362 650 374 a
717 355 774 375 0ae
983 355 1068 374 eoa
1125 346 1186 373 ἱ,

555 355 1342 484 affefflvt

228 513 303 559 62.
373 511 530 578 Saepe
566 511 722 557 iactus
757 510 861 558 sine
893 507 1180 556 iaculatore.

333 608 382 649 Id
411 615 497 649 est:
528 610 671 662 Saepe
699 610 851 663 iactus,
883 610 952 662 qui
982 620 1160 661 scopum
1189 608 1371 662 attingit,
1396 620 1421 647 a
1449 607 1675 647 iaculatore

226 682 327 722 artis
357 681 564 723 iaculandi
590 682 736 735 ignaro
763 681 1052 733 proficiscitur.
1105 680 1250 721 Verba
1278 680 1386 720 haec
1414 680 1675 720 Alhacamus
1709 697 1712 699 ·

226 752 680 806 ben-Ahbd-Jaghuts
719 752 963 792 Almenkeri
1001 751 1115 792 dixit.
1172 752 1252 792 Vir
1281 752 1349 792 hic
1379 757 1568 804 tempore
1596 763 1676 791 suo

226 824 432 865 iaculandi
473 831 562 864 arte
602 825 738 864 clarus
753 854 766 878 ,
806 836 853 864 se
881 824 921 864 in
951 824 1048 863 idoli
1077 822 1312 864 Alahbahbi
1343 835 1467 863 sacro
1496 835 1677 863 vaccam

225 896 465 936 silvestrem
496 897 631 936 albam
659 901 936 935 mactaturum
966 908 1064 935 esse
1073 925 1088 950 9
1129 896 1352 935 iuraverat.
1409 896 1512 948 Die,
1554 907 1677 947 quum

224 966 381 1007 frustra
415 973 617 1007 venatum
657 967 856 1021 exiisset,
907 979 1072 1007 summa
1108 967 1274 1007 tristitia
1312 966 1516 1021 affectus,
1556 966 1679 1006 rediit

224 1045 266 1081 et
296 1045 466 1092 postero
499 1053 618 1080 mane
630 1069 644 1094 9
679 1040 716 1080 si
745 1039 827 1080 hoc
855 1040 949 1092 ipso
980 1039 1047 1079 die
1083 1051 1176 1079 eam
1214 1053 1296 1079 non
1333 1045 1590 1093 mactasset,
1629 1051 1679 1078 se

223 1118 401 1151 mortem
430 1110 660 1150 subiturum
690 1123 804 1162 esse,
834 1111 925 1150 suis
956 1110 1071 1150 dixit.
1107 1111 1259 1151 Frater
1289 1111 1381 1149 eius
1403 1110 1678 1162 Alhozainus,

225 1187 270 1222 ut
297 1182 391 1221 loeo
419 1192 583 1221 vaccae
612 1181 761 1221 decem
791 1182 976 1221 camelos
1005 1187 1225 1235 mactaret,
1256 1182 1402 1221 suasit.
1445 1182 1506 1220 At
1536 1180 1602 1220 ille
1630 1193 1680 1220 se

224 1267 307 1294 non
346 1253 553 1293 facturum
594 1253 760 1292 iuravit.
827 1253 933 1292 Tum
983 1253 1082 1292 abiit
1125 1259 1327 1292 venatum
1366 1264 1515 1292 secum
1553 1252 1678 1292 filium

225 1336 370 1377 suum,
402 1324 469 1376 qui
499 1324 634 1375 ipsum
664 1323 786 1362 enixe
814 1329 1063 1376 rogaverat,
1104 1322 1276 1362 ducens.
1324 1323 1495 1362 Accidit
1522 1330 1677 1376 autem,

225 1403 283 1450 ut,
319 1408 444 1448 quum
473 1402 592 1448 pater
620 1395 683 1435 bis
713 1402 1002 1435 occurrentem
1027 1407 1207 1435 vaccam
1236 1396 1394 1448 sagitta
1422 1409 1506 1434 non
1535 1395 1680 1434 feriis-

225 1474 319 1521 set,
350 1468 459 1507 filius
489 1473 654 1519 arrepto
684 1479 783 1507 arcu
813 1480 906 1507 eam
937 1467 1163 1508 occideret.
1222 1466 1343 1518 Quae
1371 1479 1442 1507 res
1471 1466 1680 1520 proverbii

227 1551 358 1580 causa
386 1543 488 1579 erat.
529 1538 651 1579 Conf.
683 1538 819 1578 Harir.
849 1552 887 1591 p.
920 1539 1011 1578 146.

226 1784 303 1829 63.
370 1781 550 1830 Vectus
587 1793 658 1829 est
694 1780 778 1829 alis
815 1780 1219 1829 struthiocameli.

334 1889 381 1928 In
417 1901 511 1928 eum
552 1887 726 1942 dicitur,
779 1888 846 1940 qui
893 1887 1147 1941 diligentiam
1183 1887 1223 1926 iu
1264 1900 1308 1927 re
1347 1886 1538 1940 adhibet,
1585 1887 1681 1928 sive

224 1961 328 2014 suga
357 1960 464 2000 haec
493 1961 548 2000 sit
576 1960 670 2000 sive
702 1959 783 1999 alia
810 1972 891 1999 res.

547 2058 570 2069 κ
658 2050 679 2070 0
696 2058 718 2069 α
847 2058 888 2070 ω
1027 2057 1048 2069 α
1200 2058 1221 2070 0
1301 2044 1324 2071 ὗ
1346 2048 1363 2071 2

452 2164 471 2179 ο
503 2165 524 2175 ,
635 2165 658 2176 κ
783 2165 801 2180 .
822 2164 846 2175 α
943 2164 961 2179 .
991 2164 1014 2175 a
1061 2164 1083 2175 a

1143 2190 1162 2204 .

227 2216 304 2263 64.
373 2216 530 2285 Saepe
576 2218 777 2285 quidam
822 2220 858 2265 it
905 2236 997 2284 pro
1034 2216 1233 2265 sedente
1269 2229 1315 2264 et
1353 2235 1498 2284 saepe
1533 2216 1681 2264 edens

369 2316 470 2348 non
505 2301 692 2350 laudat.

336 2399 554 2440 l’roverbii
591 2408 770 2442 metrum
816 2401 1011 2443 Chafif
1045 2407 1125 2442 est.
1184 2401 1305 2443 Conf.
1346 2401 1430 2442 libr.
1471 2414 1608 2441 meum
1641 2414 1681 2453 p.

227 2470 321 2510 263.
371 2470 588 2513 Posterior
633 2488 730 2527 pars
775 2488 856 2514 non
906 2476 957 2514 ab
1007 2475 1199 2514 omnibus
1254 2486 1347 2513 cum
1402 2472 1684 2526 praecedente

232 2542 512 2594 coniungitur.
571 2546 646 2584 Sic
677 2559 841 2597 quoque
874 2545 1265 2585 Samaehscharius.
1323 2544 1599 2586 l’roverbium
1632 2545 1683 2584 ab

230 2614 322 2653 aliis
362 2614 668 2667 Ainabeghaho
712 2617 762 2656 ab
814 2617 904 2655 aliis
951 2616 1257 2668 Moahwijjalio
1303 2616 1564 2656 adscribitur.
1623 2616 1684 2655 Illi

233 2700 318 2726 rein
368 2687 431 2727 sic
468 2694 655 2727 narrant:
705 2688 770 2727 Ad
811 2688 1118 2729 Alnohmanum
1169 2689 1531 2731 ben-Almoudsir
1570 2689 1683 2729 Ara-
