1771 3072
680 146 983 187 —231—

101 275 239 327 spatio
258 274 411 316 dimidii
424 274 504 315 diei
523 286 548 314 a
564 275 658 314 loeo
673 269 950 322 Suk-Hodjir
959 274 1151 310 remotus
1163 273 1266 323 erat,
1282 267 1504 322 disposuit,
1515 273 1563 306 ut

100 354 408 402 persequentes
460 345 576 401 regis
616 344 762 396 copias
793 348 836 382 et
879 341 1082 381 Sahditas
1125 340 1269 394 pugna
1325 340 1562 379 retinerent.

100 421 388 474 Pugnabatur,
440 419 574 460 donee
605 418 785 458 feminae
823 413 1094 456 Aiibsitarum
1134 413 1282 474 itinere
1311 412 1438 464 longo
1467 410 1563 449 abi-

100 492 246 532 issent.
305 492 379 531 Sic
406 504 429 531 e
458 490 645 542 periculo
676 488 839 528 liberati
877 487 931 527 ad
971 492 1141 540 gentem
1180 481 1561 525 Banu—-Dhabbah

101 569 395 616 pervenerunt.
455 560 772 602 Contenderunt
800 565 956 611 autem,
985 559 1186 598 Malicum
1204 557 1427 597 ben-Beer
1454 555 1562 594 beu-

102 634 220 674 Sahd
250 641 291 674 et
321 634 515 673 Ahbsum
548 632 655 673 duos
685 644 786 672 esse
817 632 971 672 fratres
1003 644 1058 670 ex
1087 628 1235 669 eadem
1260 634 1394 667 matre
1423 632 1561 665 natos.

102 703 223 745 Gens
253 712 390 745 autem
421 703 812 756 Banu-Dhabbah,
845 715 952 754 quae
982 707 1109 742 antea
1140 712 1266 753 quam
1297 703 1560 751 congregata

101 781 206 827 erat,
239 789 264 815 a
293 781 421 828 gente
444 774 607 814 Tarnim
636 786 806 826 semper
836 772 1127 825 adfligebatur‚
1160 782 1256 810 eum
1273 769 1464 809 Ahbsitis
1494 769 1562 807 in-

101 846 339 885 cursionem
388 846 426 885 in
492 846 707 898 regionem
758 845 900 898 gentis
963 845 1122 883 Banu-
1149 841 1386 884 Hentselah
1446 840 1562 879 secit.

101 916 205 956 lnde
219 930 346 970 quum
358 917 422 956 vir
434 917 576 970 gentis
589 916 710 955 Ahbs
723 916 919 955 feminam
932 914 983 954 ad
997 920 1165 967 gentem
1179 911 1562 952 Banu-Hentselah

101 990 377 1040 pertinentem
395 1001 542 1028 seeum
562 988 808 1038 abduceret,
821 988 886 1026 vir
909 986 1074 1040 quidam
1097 990 1262 1038 egente
1274 982 1496 1036 Dhabhah,
1510 982 1563 1021 il-

100 1061 181 1099 lam
195 1060 391 1100 feminam
408 1062 510 1099 solis
523 1060 670 1100 ardore
682 1071 948 1110 summopere
961 1058 1189 1110 adflictam,
1201 1063 1246 1096 ut
1258 1056 1443 1108 linguam
1455 1067 1563 1093 exe-

100 1138 212 1172 reret
230 1132 397 1185 videns,
411 1132 651 1184 Ahbsitam,
674 1137 720 1170 ut
731 1144 824 1170 eam
842 1131 987 1170 leniter
999 1134 1215 1180 tractaret,
1227 1127 1407 1181 rogavit.
1438 1125 1563 1165 Ahb-

100 1203 184 1243 Sita
219 1209 360 1243 autem
392 1203 656 1255 interrogans
688 1203 878 1254 alterum,
916 1214 1013 1239 num
1044 1199 1334 1239 misericordla
1364 1199 1454 1237 eius
1484 1196 1565 1237 ad-

100 1273 240 1313 fectus
259 1279 389 1325 esset,
414 1286 541 1326 quum
572 1273 676 1312 alter
694 1267 876 1312 Certe!
899 1270 1207 1324 respondisset7
1226 1268 1439 1322 cuspidem
1470 1270 1565 1308 lan-

101 1356 205 1383 ceae
242 1345 283 1383 in
326 1344 419 1382 eius
464 1356 586 1383 anum
618 1343 785 1398 direxit,
836 1348 881 1382 ut
910 1343 1058 1381 mulier
1089 1348 1261 1394 gentem
1290 1341 1565 1380 Banu-Hen-

100 1415 239 1455 tselah
277 1414 317 1453 in
346 1414 548 1453 auxilium
589 1420 780 1453 voearet.
838 1413 1051 1453 Dhabbita
1080 1418 1221 1452 autem
1257 1412 1367 1450 hane
1396 1411 1447 1450 ob
1477 1424 1566 1450 rem

102 1486 326 1525 Ahbsitam
358 1485 523 1525 occidit.
584 1484 705 1536 Quae
746 1496 816 1524 res
866 1485 905 1523 in
945 1495 1077 1523 causa
1122 1488 1239 1535 erat,
1281 1494 1355 1521 cur
1393 1487 1435 1521 et
1473 1480 1567 1521 inde

100 1557 262 1597 abirent
299 1558 339 1595 in
379 1558 548 1608 Syriam
590 1556 831 1609 profecturi.
890 1555 978 1597 Sed
1020 1567 1045 1594 a
1083 1560 1212 1606 gente
1253 1554 1568 1593 Banu-Ahmir

101 1629 257 1681 legatis
286 1628 427 1668 missis
468 1628 521 1667 ad
552 1628 703 1668 foedus
734 1639 829 1667 eum
857 1627 961 1680 ipsis
992 1625 1232 1666 faciendum
1269 1625 1566 1665 invitabantur.

94 1699 274 1739 'Foedus
321 1700 446 1752 igitur
487 1711 583 1738 eum
624 1698 934 1750 Moahwijjaho
977 1697 1258 1737 ben-Schecl
1305 1697 1568 1749 pepigerunt.

103 1770 189 1810 Sed
220 1771 416 1810 versibus
455 1770 653 1823 satyricis
684 1769 996 1809 Ahbd-Allahi
1026 1766 1377 1819 ben-{flammam
1414 1772 1569 1818 poetae

103 1843 243 1896 gentis
302 1844 422 1882 Banu
440 1865 464 1873 -
482 1842 610 1881 Ahbd
639 1864 664 1871 -
684 1842 807 1881 Allah
865 1842 944 1880 ben
966 1863 991 1870 -
1011 1839 1230 1880 Ghathfan
1254 1869 1266 1892 ‚
1335 1838 1568 1878 seeundum

102 1913 209 1952 alios
267 1913 562 1964 Alnabeghahi
612 1912 890 1964 Dsobjanitae
936 1911 1134 1951 commoti
1193 1915 1236 1949 et
1292 1910 1388 1948 inde
1441 1909 1567 1948 abie-

103 1990 197 2023 runt
240 1990 282 2023 et
317 1983 369 2023 ad
407 1990 578 2036 gentem
608 1983 952 2034 Banu-Djahfar
981 1983 1090 2021 ben-
1105 1982 1224 2021 Cilab
1264 1986 1566 2033 pervenerunt,

105 2055 216 2095 Cum
246 2055 311 2094 his
343 2054 553 2106 degebant
583 2065 719 2105 usque
750 2052 803 2092 ad
834 2053 942 2092 diem
982 2065 1150 2105 pugnae
1189 2064 1214 2090 a
1243 2051 1336 2090 loeo
1359 2050 1568 2102 Aldjebe-

104 2126 173 2167 lah
202 2125 450 2177 appellatae.
511 2124 657 2163 Causa
694 2124 973 2176 separationis
1014 2123 1121 2162 haec
1150 2127 1260 2162 erat:
1291 2122 1369 2162 Vir
1399 2121 1568 2174 quidam

103 2209 128 2236 e
157 2202 286 2250 gente
317 2196 585 2235 Banu-Ahbs
617 2195 831 2235 occiderat
862 2193 1249 2248 Ebu-Aldjaunum,
1287 2206 1412 2246 quem
1441 2193 1568 2232 Auh-

103 2267 171 2307 fus
212 2267 548 2306 ben-Alahwaz
596 2266 789 2305 libertate
838 2265 1082 2305 donaverat.
1140 2266 1264 2304 Hane
1304 2265 1355 2304 ob
1392 2264 1568 2304 caedem

103 2338 235 2377 iratus
266 2336 436 2375 Aulifus
467 2342 637 2388 gentem
667 2334 1009 2388 Banu-Djahfar‚
1040 2341 1088 2375 ut
1116 2334 1324 2375 Ahbsitas
1354 2335 1570 2387 opprime-

104 2414 181 2462 ret,
213 2409 425 2447 incitabat.
472 2407 597 2458 Quod
625 2407 842 2447 audientes
872 2408 1080 2447 Ahbsitae
1111 2419 1204 2447 cum
1235 2407 1428 2448 Rabiaho
1458 2407 1568 2446 ben-

105 2479 241 2518 Korth
252 2491 332 2518 uno
350 2492 373 2517 e
391 2484 519 2531 gente
541 2479 912 2518 Banu-Abi--Beer
931 2478 1162 2518 ben—Cilab
1185 2477 1338 2517 foedus
1359 2477 1567 2516 fecerunt.

217 2551 424 2601 Tempore
469 2555 630 2602 autem,
672 2561 753 2602 quo
803 2546 1011 2589 Ahbsitae
1058 2547 1169 2601 apud
1213 2553 1384 2601 gentem
1422 2548 1570 2586 Banu-

107 2622 253 2661 Ahmir
271 2621 498 2675 degebant,
521 2620 799 2673 Dsobjanitae
828 2622 868 2661 in
897 2622 1007 2662 illam
1028 2626 1199 2674 gentem
1224 2620 1289 2659 die
1321 2618 1568 2660 Schahwah

109 2692 285 2753 (‘)²⁴‘²“)
316 2693 526 2745 appellato
557 2693 723 2745 alioque
754 2692 820 2732 die
847 2692 1130 2732 incursionem
1150 2692 1350 2731 fecerant.
1381 2691 1471 2729 Isto
1502 2687 1568 2727 die

108 2775 355 2815 Tlialhahus
394 2774 652 2813 ben-Sinan
682 2774 980 2814 Kirwasehum
1017 2771 1301 2824 ben-Honajj
1354 2771 1567 2824 captivum

108 2846 222 2886 fecit.
279 2846 602 2898 Interrogatus,
648 2844 739 2897 quis
783 2850 923 2896 esset,
967 2856 1016 2884 se
1046 2844 1257 2883 'Psaurum
1285 2841 1565 2882 ben-Ahzim
