1798 3090
678 170 978 211 *235*

103 296 317 345 percipere
348 294 541 346 velimus).
582 305 788 332 summam
818 304 959 331 curam
990 298 1115 344 atque
1146 292 1404 344 diligentiam
1436 294 1472 330 in
1505 307 1554 331 eo

105 378 318 416 ponamus.

107 614 182 655 77.
253 608 398 655 Vides
435 607 769 655 adolescentes
804 608 978 674 palmis
1012 608 1207 665 similes,
1244 607 1329 654 sed
1345 625 1558 673 quanam

253 710 305 737 re
343 709 512 738 eorum
547 694 661 739 vitia
700 694 889 738 interna
925 689 1220 756 cognosces?

215 793 488 833 Proverbium
517 792 571 832 ad
611 800 789 833 metrum
829 792 1036 844 Hedjes
1073 793 1217 832 referri
1257 798 1410 845 potest,
1451 793 1559 832 conf.

107 865 194 902 libr.
225 877 277 903 m.
308 878 347 916 p.
377 864 468 904 226.
526 866 592 904 De
621 864 792 916 pulchro
830 865 920 903 viro
960 863 1178 903 adhibetur
1215 864 1441 903 virtutibus
1479 876 1561 902 non

111 937 273 989 insigni.
348 937 532 976 Ahtsma
605 937 688 976 filia
762 936 974 975 Mathrudi
1046 935 1316 987 Albadjelijja
1392 936 1562 989 ingenio

112 1015 152 1048 et
199 1008 418 1060 prudentia
463 1009 639 1062 insignis
699 1021 886 1047 sororem
939 1008 1122 1047 habebat
1184 1008 1350 1047 nomine
1415 1007 1562 1047 Chud

109 1081 381 1133 appellatam,
433 1079 732 1131 pulchritudine
773 1085 816 1117 et
863 1084 1093 1118 venustate
1135 1079 1380 1131 praeditam.
1438 1079 1563 1117 Hanc

109 1159 248 1191 autem
280 1165 405 1203 quum
435 1157 598 1202 septem
628 1152 781 1190 fratres
817 1164 841 1189 e
877 1156 1006 1203 gente
1036 1151 1149 1203 Asd,
1190 1150 1349 1202 pulchri
1388 1156 1429 1189 et
1469 1151 1563 1202 pul-

110 1225 220 1263 chris
250 1224 441 1262 vestibus
471 1224 614 1261 vestiti
643 1223 863 1274 ambirent,
909 1223 1003 1274 ipsa
1034 1222 1231 1261 dubitans
1269 1223 1334 1261 cui
1374 1223 1563 1277 nuberet,

109 1308 297 1335 sororem
327 1295 436 1333 illam
467 1295 685 1333 consuluit.
715 1294 844 1333 Soror
873 1294 913 1332 in
947 1307 1090 1333 eorum
1120 1295 1340 1334 virtutibus
1370 1295 1566 1335 fiduciam

111 1380 190 1404 non
224 1378 384 1418 ponens
414 1367 621 1418 proverbii
651 1366 751 1405 dixit
781 1366 925 1419 verba,
967 1373 1012 1405 ut
1041 1378 1229 1405 sororem
1268 1373 1471 1421 moneret,
1513 1380 1565 1406 ne

112 1439 177 1477 ulli
209 1451 351 1478 eorum
362 1468 374 1491 7
414 1450 584 1490 quorum
613 1438 793 1477 virtutes
822 1452 905 1477 non
935 1445 1157 1491 nosceret,
1217 1441 1396 1479 salutem
1445 1452 1566 1479 suam

111 1510 305 1549 traderet.
364 1510 501 1550 Recte
532 1522 717 1549 sororem
742 1509 961 1562 judicasse
993 1517 1171 1550 eventus
1202 1510 1353 1550 docuit.

573 1612 834 1723 &tyr-asta
888 1606 1016 1725 ’fga-ii
1113 1661 1175 1690 νΛ

117 1763 192 1808 78.
263 1759 456 1826 Dactyli
493 1778 585 1826 pro
621 1759 837 1826 polenta.

229 1863 365 1901 Unam
395 1874 490 1900 rem·
515 1873 609 1900 cum
638 1862 771 1900 altera
799 1863 1061 1913 compensari
1090 1863 1310 1915 significat.

570 1971 812 2036 &mmai
861 1971 1026 2060 &mdo
1121 1986 1176 2034 v‘l

121 2090 197 2135 79.
266 2085 418 2134 Nidos
453 2095 562 2133 tuos
598 2089 929 2150 perscrutare!

231 2186 459 2227 Proverhio
481 2187 531 2239 is)
562 2186 631 2238 qui
660 2187 700 2224 in
729 2186 900 2225 aliorum
931 2185 1208 2225 conditionem
1239 2187 1451 2239 inquirens
1472 2188 1573 2228 vitia

121 2259 322 2311 detegere
334 2256 490 2309 studet,
521 2263 727 2309 monetur,
749 2264 794 2296 ut
805 2270 926 2296 suam
937 2257 1068 2308 ipsius
1091 2257 1369 2297 conditionem
1382 2271 1573 2311 cognos-

123 2344 221 2370 cere
282 2329 459 2369 studeat.
517 2330 562 2367 In
622 2328 879 2368 enuncianda
931 2340 1040 2367 voce
1068 2329 1194 2386 Μ
1223 2334 1264 2367 ct
1292 2330 1423 2368 nostri
1453 2329 1572 2368 codi-

124 2413 185 2452 cis
213 2419 254 2452 et
283 2412 485 2453 Pocockii
507 2412 705 2451 rationem
734 2412 870 2451 habui.
918 2412 964 2449 In
993 2411 1170 2450 Kamusi
1199 2424 1325 2462 opere
1354 2418 1422 2450 est
1453 2412 1575 2451 tertia

125 2483 335 2534 praeteriti
358 2483 505 2535 formas.
528 2488 572 2520 ut
603 2494 753 2521 sensus
784 2483 839 2521 sit
869 2481 1033 2520 „Nidos
1061 2487 1156 2520 tuos
1186 2483 1356 2519 multum
1376 2494 1574 2533 perscru-

125 2561 271 2593 tatum<
303 2556 327 2593 i.
358 2568 393 2593 e.
424 2556 608 2592 'suorum
637 2559 792 2592 statum
811 2559 853 2592 et
873 2551 1169 2600 conditionem,
1199 2558 1243 2590 ut
1264 2552 1367 2592 vitia
1386 2552 1572 2606 detegat,

129 2635 389 2677 cognoscere
419 2623 568 2664 studet.
