1771 3072
714 199 763 204 —-
820 174 902 216 249
957 198 1011 204 --

122 312 210 342 uno
237 301 328 341 viro
358 301 498 355 gentis
527 300 686 341 Hissan
715 299 875 353 occiso,
900 311 1008 352 gens
1031 299 1137 340 Ohcl
1169 299 1209 339 in
1238 299 1400 353 fugam,
1425 297 1587 338 duobus

127 373 310 425 captivis
339 373 510 426 relictis7
541 384 592 411 se
623 371 843 411 convertit.
902 370 1189 411 Ohrfnthahus
1232 377 1374 411 autem
1404 370 1587 422 captivis

128 443 253 485 dixit:
288 443 493 494 Quisnam
523 449 711 483 vestrum
726 442 1010 495 praestantior
1041 447 1124 494 est7
1154 447 1199 481 ut
1228 455 1321 481 eum
1353 455 1427 494 pro
1459 442 1587 480 altero

128 514 347 566 occidam3
376 514 562 553 fortasse
600 515 704 553 alter
743 512 978 552 redimetur.
1021 512 1179 563 ‘Quum
1222 519 1362 553 autem
1402 513 1587 566 quilibet,

126 586 302 625 alterum
340 597 389 624 se
427 591 773 637 praestantiorem
809 596 907 623 esse
939 583 1142 635 dixisset,
1175 583 1462 624 Ohrfuthahus
1493 596 1589 623 am-

126 656 204 696 bos
234 656 370 696 occidi
400 656 532 695 iussit.
591 655 729 706 Quum
758 656 863 695 alter
893 655 1061 694 occisus
1087 663 1218 707 esset,
1249 656 1353 695 alter
1383 655 1588 706 crepitum

127 728 288 766 ventris
326 727 487 779 emisit,
529 738 636 778 quae
676 738 743 765 res
782 726 822 764 in
854 737 985 765 causa
1018 731 1131 778 erat,
1183 737 1259 765 cur
1289 725 1584 766 Ohrfuthahus

128 799 211 838 ista
240 797 374 836 verba
401 797 616 849 proferret.
673 796 951 836 Proverbium
980 796 1019 834 in
1050 797 1189 836 virum
1221 796 1392 851 dicitur,
1434 797 1502 849 qui
1531 797 1589 836 rei

129 870 302 909 multum
352 881 480 908 curae
515 867 759 920 impendens
799 868 989 907 timorem
1030 868 1228 921 concipit.
1266 874 1489 920 antequam
1521 881 1590 907 res

128 940 295 980 accidit.
354 939 723 980 Abu-Obbaidus
765 938 889 979 dixit:
930 939 1111 990 Quando
1149 952 1305 979 avarus
1344 953 1430 979 rem
1481 939 1590 979 dono

129 1011 242 1051 dedit
271 1012 419 1051 timore
448 1012 506 1050 rei
535 1012 743 1064 gravioris
769 1010 942 1064 ductus,
974 1011 1115 1050 dicere
1136 1012 1291 1051 solent:
1327 1013 1415 1051 Iam
1445 1012 1590 1051 asinus

131 1084 335 1136 crepitum
385 1083 547 1122 ventris
583 1083 747 1121 emittit.
807 1083 917 1123 Sunt
947 1088 1113 1135 autem,
1174 1083 1244 1134 qui
1274 1083 1485 1135 proverbii
1513 1094 1592 1121 au-

130 1162 287 1195 ctorem
308 1155 444 1194 fuisse
462 1155 603 1193 dicant
618 1153 1069 1193 Mosafirumbon-Abi
1086 1153 1249 1193 Ahmru
1272 1154 1373 1192 ben-
1384 1153 1592 1205 Omajjah.

130 1228 209 1268 Vir
238 1229 318 1266 iste
347 1226 559 1265 Ahtabahi
589 1225 699 1264 filiae
739 1238 835 1265 eum
866 1239 947 1264 non
984 1225 1208 1264 reiicientis
1247 1238 1389 1265 amore
1430 1225 1593 1278 flagra-

131 1299 215 1338 bat.
272 1298 418 1336 Puella
457 1302 597 1335 autem
641 1296 677 1334 ei
717 1295 897 1335 dixerat:
929 1296 1137 1335 Parentes
1178 1309 1245 1334 me
1275 1296 1348 1336 tibi
1378 1298 1416 1335 in
1447 1297 1595 1336 matri-

133 1369 315 1409 monium
345 1381 426 1407 non
458 1368 628 1420 dabunt,
660 1366 768 1419 quod
809 1379 969 1419 pauper
1012 1379 1072 1406 es.
1131 1368 1337 1406 Fortasse
1378 1374 1517 1407 autem
1558 1368 1596 1406 i-

134 1437 267 1480 tinere
297 1438 351 1478 ad
383 1450 527 1491 regem
566 1437 681 1477 facto
714 1450 817 1490 opes
848 1438 920 1476 tibi
959 1438 1233 1489 comparabis.
1291 1438 1438 1477 Hiram
1470 1439 1597 1491 igitur

133 1512 197 1551 his
227 1511 370 1550 verbis
401 1515 636 1550 commotus
662 1509 882 1561 profectus
913 1515 991 1548 est.
1034 1508 1204 1548 Accidit
1223 1514 1380 1561 autem,
1412 1515 1456 1548 ut
1483 1516 1595 1549 tem-

134 1595 263 1635 pore,
311 1595 390 1634 quo
421 1581 475 1620 ibi
505 1585 863 1633 commoraretur,
898 1579 1064 1632 quidam
1093 1579 1250 1618 Mecca
1281 1579 1527 1633 adveniret,
1558 1586 1600 1620 et

134 1655 241 1693 inter
271 1655 367 1706 alia,
399 1652 763 1703 Abu-Sofijanum
795 1651 979 1691 Hindam
1010 1652 1049 1690 in
1080 1651 1386 1691 matrimonium
1426 1652 1599 1691 duxisse

134 1730 334 1765 narraret.
392 1724 496 1764 Inde
544 1736 709 1763 summa
738 1724 903 1762 tristitia
932 1723 1128 1762 adfectus
1157 1724 1196 1762 in
1228 1724 1414 1763 morbum
1444 1723 1600 1763 incidit.

133 1797 426 1836 Alnohmanus
467 1808 559 1834 eum
590 1796 651 1834 uri
681 1796 818 1834 iussit.
880 1795 1017 1846 Quum
1062 1795 1188 1847 igitur
1218 1794 1410 1834 medicus
1440 1796 1601 1835 instru-

135 1872 277 1907 menta
307 1867 456 1919 inigne
479 1867 697 1918 posuisset
716 1872 757 1905 et
773 1879 897 1906 unum
920 1879 1065 1905 eorum
1082 1867 1119 1904 ei
1135 1866 1404 1917 applleasset,
1429 1880 1516 1906 rem
1530 1867 1601 1905 vi-

137 1937 240 1977 dens
255 1950 359 1976 unus
373 1950 428 1976 ex
444 1937 693 1976 Alnohmani
706 1936 876 1987 asinis¹J)
891 1937 1093 1988 crepitum
1109 1936 1270 1974 ventris
1284 1937 1432 1975 emisit.
1444 1938 1597 1976 Mosa-

137 2007 240 2047 firus
280 2008 361 2046 hoc
390 2006 564 2046 audiens
602 2007 684 2046 ista
719 2008 851 2046 verba
889 2007 1004 2046 dixit.
1062 2006 1143 2045 Alii
1192 2006 1354 2054 dicunt,
1388 2006 1598 2048 medicum

136 2079 297 2119 ventris
328 2079 531 2130 crepitum
562 2077 768 2116 emisisse.

534 2223 676 2284 ἆῤ
725 2194 797 2277 iao>
828 2219 934 2286 βε
980 2197 1080 2269 μ
1178 2205 1224 2256 ἷὟ

141 2339 228 2392 222'
290 2341 417 2385 Ante
454 2340 644 2385 asinum
677 2349 725 2384 et
763 2337 902 2403 quod
939 2339 1176 2384 cucurrit.

143 2416 146 2419 ’
248 2417 295 2456 Id
325 2423 410 2457 est:
442 2418 554 2455 Ante
585 2416 732 2456 omnia.
767 2416 947 2456 Dicitur:
977 2417 1069 2472 w,
1094 2416 1156 2473 &25
1191 2415 1298 2458 mni
1337 2422 1380 2456 et
1409 2418 1498 2459 2253
1532 2416 1595 2475 ,Μ

139 2503 260 2559 &0⁴3
291 2505 370 2532 nec
399 2507 479 2532 non
494 2511 644 2551 k55..‚>
658 2494 711 2549 Lo>
739 2512 841 2555 52³?ss
865 2497 940 2547 μ
971 2493 1120 2545 „Ante
1145 2493 1281 2533 omnia
1305 2493 1530 2546 (primum)
1562 2494 1600 2532 ci

140 2568 351 2611 occurrif‘
406 2570 494 2611 Sed
524 2570 562 2609 in
610 2569 862 2622 explicanda
893 2582 1003 2610 voce
1039 2588 1200 2631 5-*-²
1235 2571 1486 2622 interpretes
1519 2583 1600 2608 non

143 2653 424 2693 consentiunt.
483 2651 600 2691 Dixit
630 2651 995 2692 Abu-Olibaidus:
1028 2651 1209 2704 Quando
1240 2652 1305 2692 vir
1325 2652 1509 2691 nuntium
1541 2640 1600 2689 rei

168 2791 207 2834 1)
231 2791 335 2823 Vei-ti
360 2798 500 2831 quoque
524 2790 657 2830 potest:
684 2788 825 2822 Unuse
849 2790 1008 2822 barbaris
1033 2790 1256 2822 Alnohmani.
