1813 3039
339 236 461 286 Quae
489 234 545 274 de
574 233 894 286 proverbiorum
924 232 1153 274 editoribus
1184 233 1400 286 praemisi,
1432 245 1485 273 ea
1512 233 1690 286 potissi-

232 335 345 362 mum
375 334 509 363 causa
537 321 746 362 adductus
777 321 863 360 dixi
880 351 893 374 9
931 328 978 361 ut
1005 323 1200 375 legentes
1230 321 1446 375 viderent,
1476 321 1620 374 quanti
1650 327 1692 361 et

228 410 476 463 antiquioris
517 416 560 449 et
602 409 849 449 recentioris
897 410 991 449 aevi
1045 410 1124 448 viri
1167 410 1426 449 celeberrimi
1464 409 1691 462 proverbia

231 498 418 539 Arabica
454 497 657 550 fecerint,
700 509 874 549 quorum
913 497 1152 549 exemplum
1196 510 1278 551 ego
1319 503 1523 550 secutus7
1564 510 1689 550 quum

229 601 339 628 anno
381 586 488 627 1824
526 586 703 626 Parisiis
744 598 966 638 versarer,
1015 585 1177 625 codicis
1216 585 1418 625 Meidanii
1457 587 1689 639 exemplar,

230 674 344 729 quod
372 687 536 714 summa
565 686 662 714 cum
694 674 951 727 benignitate
981 686 1093 714 nunc
1122 674 1275 714 beatus
1297 674 1404 715 Silv.
1435 673 1488 713 de
1518 672 1687 727 Sacy¹)

230 766 270 804 in
299 776 422 804 usum
449 762 550 802 mihi
578 764 805 817 obtulerat,
846 763 1053 817 descripsi
1085 777 1135 803 eo
1166 764 1367 817 consilio,
1403 770 1448 803 ut
1459 792 1472 816 ,
1502 764 1539 803 si
1568 765 1687 804 Deus

232 854 418 906 optimus
454 852 664 892 maximus
712 853 934 893 conatibus
971 853 1077 893 meis
1127 854 1315 906 faveret,
1365 858 1495 892 totum
1538 853 1686 893 librum

229 939 411 980 ederem.
469 941 644 981 Parisiis
681 941 933 995 Lugdunum
965 944 1222 999 Batayorum
1264 955 1388 995 quum
1425 954 1494 981 me
1534 949 1687 983 contu-

230 1030 390 1083 lissem,
419 1030 527 1069 inter
555 1030 635 1069 alia
664 1037 707 1070 et
747 1030 948 1070 Meidanii
977 1030 1167 1070 codicem
1197 1042 1294 1070 cum
1328 1044 1423 1071 meo
1450 1032 1687 1071 manuscri-

230 1124 302 1170 pto
329 1118 578 1171 collaturus!
628 1119 912 1158 Hamakerum
942 1131 1051 1158 nunc
1085 1118 1278 1172 beatum,
1318 1119 1357 1158 in
1388 1119 1505 1159 cuius
1539 1119 1686 1159 amici-

229 1207 328 1246 tiam
368 1219 670 1260 perveneram,
721 1205 929 1245 dicentem
972 1206 1139 1258 audivi,
1200 1219 1250 1246 se
1295 1219 1451 1260 magno
1487 1207 1687 1247 Meidanii

229 1293 378 1334 edendi
428 1294 639 1336 desiderio
693 1296 834 1335 teneri.
913 1295 1049 1347 Quale
1109 1296 1214 1336 illius
1261 1297 1339 1336 viri
1386 1296 1599 1349 ingenium
1647 1302 1688 1335 et

230 1381 484 1435 diligentiam
548 1395 858 1438 cognoveram,
907 1384 946 1423 in
990 1384 1366 1436 manuscriptorum
1407 1383 1684 1437 multitudine,

228 1471 377 1522 quibus
417 1472 546 1511 libere
584 1473 642 1511 uti
678 1477 869 1525 poterat,
929 1472 1024 1524 quin
1074 1484 1182 1524 opus
1222 1471 1318 1511 illud
1357 1485 1511 1525 magna
1554 1473 1685 1525 ipsius

227 1558 443 1600 doctrinae
480 1560 602 1612 copia
641 1565 831 1599 ornatum
869 1558 1072 1612 prodiret,
1133 1560 1268 1599 nullus
1307 1559 1506 1599 dubitavi.
1567 1561 1685 1612 Quod

229 1658 393 1686 mecum
423 1659 549 1699 quum
589 1648 848 1701 cogitarem,
894 1647 961 1699 qui
1000 1653 1101 1687 tunc
1140 1648 1342 1700 temporis
1379 1648 1520 1688 multis
1559 1650 1683 1691 rebus

229 1744 370 1772 essem
410 1735 673 1788 occupatus',
713 1749 849 1776 meum
889 1736 942 1775 de
978 1735 1141 1775 edendo
1171 1736 1371 1776 Meidanii
1411 1750 1538 1789 opere
1576 1751 1682 1779 con-

228 1822 362 1861 silium
411 1823 636 1875 abiiciens,
687 1824 822 1863 amico
872 1825 911 1863 in
953 1823 1135 1863 editione
1174 1836 1251 1864 sua
1291 1825 1371 1864 mei
1410 1829 1682 1880 manuscripti

229 1911 370 1950 utendi
407 1913 570 1963 copiam
610 1911 703 1951 feci.
785 1911 907 1962 Quod
946 1925 1048 1951 vero
1088 1912 1231 1964 plures
1271 1913 1365 1951 anni
1403 1915 1535 1966 elapsi
1575 1926 1682 1958 sunt.

228 1999 378 2051 quibus
410 2000 516 2039 illius
547 2001 687 2052 operis
718 2001 933 2053 specimen
965 2013 1047 2040 non
1084 2001 1294 2055 apparuit,
1338 2002 1428 2041 eius
1465 2004 1524 2042 rei
1555 2016 1685 2046 causa

226 2093 313 2126 tuln
355 2088 394 2126 in
433 2090 573 2140 operis
613 2091 722 2129 mole
763 2097 804 2128 et
863 2089 1111 2129 difficultate
1158 2096 1243 2129 tum
1288 2092 1325 2130 in
1373 2098 1434 2130 tot
1481 2095 1686 2147 tantisque

254 2315 290 2348 l)
319 2313 391 2345 Viri
417 2313 509 2344 illius
536 2315 577 2344 ‹le
610 2313 734 2345 litteris
760 2316 997 2347 (triennalibus
1030 2318 1156 2348 merita
1190 2317 1309 2356 plures
1342 2316 1456 2348 verbis
1487 2318 1684 2351 describere

316 2376 434 2406 conati
466 2381 566 2407 sunt:
598 2378 659 2406 sed
693 2384 727 2407 ut
765 2386 867 2408 nem«.-
900 2378 1014 2410 vicem
1045 2379 1120 2410 eius
1152 2379 1296 2417 explere
1327 2383 1462 2417 potest.
1496 2379 1547 2409 sic
1580 2388 1681 2411 neuu-

320 2437 403 2468 satis
437 2438 542 2477 «ligno
575 2440 678 2468 inodo
711 2439 858 2471 hunum-e
890 2449 968 2472 euin
1002 2441 1079 2472 inihi
1113 2450 1218 2481 posse
1245 2441 1392 2472 videtur.
1440 2440 1588 2481 Quantis
1614 2450 1684 2480 ego

319 2499 350 2529 ei
377 2500 566 2530 obstrictus
591 2509 686 2531 eram
706 2501 897 2543 beneficiis,
915 2508 1033 2534 (antas
1059 2503 1089 2534 ei
1114 2504 1250 2544 gratias
1276 2504 1484 2543 persolvere
1510 2513 1684 2544 nunquam

320 2560 426 2591 valui.
474 2561 586 2592 Eheu!
622 2567 853 2601 pr:u,÷cept‹›1·e
885 2565 1044 2603 privatus
1079 2574 1176 2601 suin,
1211 2565 1309 2595 cuius
1333 2565 1464 2595 sciendi
1490 2565 1567 2594 sons
1594 2573 1685 2596 nnn-

319 2630 422 2660 quam
447 2623 742 2659 exhauriebatur,
774 2625 915 2656 fautore
948 2630 982 2656 et
1017 2625 1128 2656 amico
1154 2625 1186 2655 in
1212 2624 1388 2655 beneficiis
1412 2626 1503 2663 apud
1530 2633 1583 2655 me
1608 2625 1684 2656 col-

320 2682 477 2713 locandis
512 2691 580 2713 non
615 2684 822 2723 fatigando,
864 2685 919 2724 qui
954 2694 1064 2726 usque
1105 2686 1148 2715 ad
1179 2690 1375 2715 extremum
1410 2685 1505 2715 vitae
1539 2686 1682 2717 halitum

317 2743 602 2774 benevolentiam
630 2744 705 2775 inihi
732 2754 828 2775 suain
855 2754 994 2785 semper
1018 2746 1256 2777 consen-:wit
1304 2746 1412 2776 'l'crra
1447 2747 1477 2776 ei
1509 2747 1552 2777 sit
1577 2756 1683 2787 super

320 2813 403 2836 ossa
428 2803 534 2835 levis!
