1771 3072
704 134 1002 174 —171-

115 270 337 309 „Irascitur
368 270 426 308 ira
457 279 697 320 equorunm
757 267 803 305 ln
847 266 1190 307 Samaehscharii
1229 266 1375 305 codice
1415 267 1567 317 legitur

114 340 276 393 003st
313 340 478 395 „sm
506 339 670 392 „firmis
700 335 920 378 habenis.“

732 430 839 457 ae’z)
927 438 947 458 0
981 443 1071 456 θνα

447 461 670 541 Μεθ’*ὓ-τ·
719 459 866 539 1-6-23--2
914 459 1086 529 ΜΕ
1184 475 1217 520 ⁸*

116 617 160 659 3.
230 613 465 660 Vicerunt
499 616 662 677 magni
700 612 868 660 cameli
910 629 1089 678 parvos
1126 611 1351 660 camelos.

228 716 437 755 Suffixum
472 718 514 758 w
544 715 597 755 ad
628 716 815 756 camelos
845 721 911 770 ὣς
952 713 1214 753 referendum
1252 720 1330 752 est.
1391 715 1435 751 ln
1478 726 1567 751 euin

119 798 279 849 dicitur,
311 800 428 838 cuius
461 811 528 837 res
557 811 712 852 magna
741 799 893 850 evasit,
925 804 1148 850 postquam
1180 811 1312 850 parva
1342 798 1492 837 suerat.

120 1057 163 1101 4.
237 1056 453 1102 Tor-rens
491 1057 628 1118 (est),
666 1058 752 1120 qui
790 1056 990 1101 arbores
1027 1055 1206 1101 obruit.

231 1155 497 1194 Vocabulum
537 1167 743 1208 W
790 1154 954 1205 proprie
992 1152 1246 1193 audacem
1285 1160 1372 1193 tum
1416 1154 1497 1193 hoc
1535 1156 1572 1192 in

122 1236 343 1288 proverbio
372 1241 681 1287 torrentem,
713 1235 799 1287 qui
828 1234 1058 1274 arbores
1089 1235 1284 1274 evellit
1305 1234 1514 1289 designat,
1530 1243 1574 1273 ut

121 1310 216 1360 „Q
259 1307 515 1359 suppleatur.
572 1308 619 1345 In
658 1306 864 1345 camelum
901 1306 1105 1345 furentem
1145 1307 1406 1346 transfertur.
1465 1307 1576 1346 Pro-

122 1388 313 1426 verbium
342 1388 383 1426 in
413 1388 547 1427 virum
577 1387 740 1440 dicitur,
781 1387 850 1438 qui
879 1400 961 1437 neu
992 1393 1131 1436 curat,
1165 1388 1261 1440 quid
1290 1388 1445 1428 iniuste
1474 1401 1575 1440 per-

122 1465 236 1512 agat.
295 1458 583 1511 Supplendum
613 1464 753 1498 autem
784 1464 851 1498 est
881 1452 967 1499 5329
999 1457 1086 1497 hic
1115 1459 1186 1498 vel
1203 1467 1266 1517 ,φ
1295 1459 1341 1498 is
1383 1466 1448 1500 est
1485 1466 1574 1499 tor-

124 1552 220 1580 rens
252 1546 330 1580 etc.

571 1630 619 1651 ,a
731 1631 847 1652 '’Oe-oa
899 1632 915 1652 5
946 1632 1026 1652 κον

565 1651 620 1715 Α
671 1653 832 1743 ῂίρ)5
879 1654 1034 1749 viij:
1128 1682 1155 1717 0

126 1783 167 1825 5.
237 1779 468 1825 Esuriens
504 1779 634 1843 (est);
674 1781 841 1826 cibum
876 1782 1025 1845 igitur
1051 1780 1265 1826 Rabieah
1307 1782 1348 1825 ei
1386 1784 1579 1843 parate!

236 1861 427 1901 Rabicah
456 1862 537 1901 eibi
566 1864 734 1914 species
765 1870 850 1915 est,
880 1864 949 1915 qui
967 1863 1085 1902 vario
1107 1863 1231 1902 modo
1248 1869 1431 1915 paratur.
1462 1863 1579 1901 Ebn-

130 1931 341 1971 Doraidus
372 1930 500 1990 Q&
529 1933 632 1986 legit
670 1934 694 1972 i.
733 1947 768 1972 e.
815 1939 962 1985 parate
1001 1934 1137 1973 cibum
1174 1935 1321 1985 Bacil,
1364 1934 1431 1985 qui
1472 1934 1582 1972 lacte

130 2012 292 2052 schisto
333 2019 374 2052 et
411 2014 561 2065 butyro
600 2014 657 2052 illi
697 2014 837 2053 addito
878 2019 1059 2065 paratur.
1117 2014 1391 2053 Proverbium
1430 2013 1583 2052 docere

129 2083 307 2135 videtur,
339 2090 436 2124 ante
467 2085 605 2124 omnia
632 2085 692 2123 rei
721 2098 847 2136 quam
876 2086 1058 2124 maxime
1096 2084 1367 2124 necessariae
1405 2083 1582 2123 satisfa-

131 2154 324 2194 ciendum
353 2167 462 2194 esse.
508 2156 709 2209 Narrant,
740 2156 991 2195 Ebu-Lisan
1048 2154 1349 2194 Alhommarah
1387 2155 1582 2193 esurien-

132 2232 216 2264 tem
245 2230 287 2263 et
316 2224 524 2265 sitientem
555 2225 606 2265 ad
636 2238 738 2265 suos
766 2226 950 2265 intrasse
980 2231 1043 2279 et)
1077 2237 1200 2277 quum
1229 2227 1264 2264 ei
1302 2238 1404 2277 puer
1432 2236 1583 2263 recens

132 2299 256 2333 natus
286 2293 543 2346 adferretur,
592 2294 771 2334 dixisse:
831 2297 915 2335 Per
942 2291 1100 2334 Deum!
1132 2295 1319 2348 Nescio,
1360 2308 1457 2333 num
1488 2307 1583 2334 eum

134 2365 256 2404 edam
287 2379 339 2405 an
370 2362 541 2405 bibam?
570 2366 754 2406 Uxorem
784 2367 875 2406 eius
905 2367 988 2407 ista
1018 2367 1149 2406 verba
1170 2366 1408 2406 audientem
1422 2366 1583 2405 dixisse

134 2434 215 2489 illa,
248 2448 353 2487 quae
386 2441 483 2486 post
513 2435 553 2474 in
580 2436 787 2486 proverbii
827 2436 1174 2476 consuetudinem
1215 2436 1419 2475 venerint.
1479 2434 1585 2474 Cibo

137 2511 276 2544 autem
289 2505 748 2556 etpotusatiatumeum
759 2505 937 2545 dixisse:
953 2508 1035 2562 mi,
1058 2505 1161 2549 &1255
1197 2503 1584 2559 QmQuomodo

136 2586 273 2626 infans
304 2592 345 2625 et
376 2592 506 2626 mater
533 2598 581 2625 se
610 2585 799 2627 habet‘zlcc
835 2587 957 2638 Quae
987 2600 1155 2640 quoque
1184 2588 1316 2627 verba
1344 2588 1384 2626 in
1404 2598 1586 2639 prover-

136 2656 248 2696 bium
276 2656 487 2695 venientia
516 2656 780 2709 significant,
825 2669 970 2697 curam
998 2657 1080 2696 viri
1106 2657 1277 2707 abiisse,
1309 2662 1353 2696 ut
1381 2656 1433 2695 ad
1464 2655 1586 2694 aliam

140 2738 225 2766 rem
253 2725 434 2766 animum
463 2724 675 2778 adplicare
703 2734 862 2778 posset.
922 2727 1046 2768 Conf.
1077 2726 1126 2768 C.
1153 2729 1297 2779 XXII,
1331 2727 1420 2766 197.
