1771 3072
727 132 921 172 —282
979 154 1032 160 ——-

163 251 364 290 Albaeoai
412 263 512 290 csse
565 250 694 302 dixit,
739 251 816 291 sed
857 253 1005 292 mulier
1051 266 1074 292 e
1115 260 1245 307 gente
1277 254 1399 294 Ahhs
1431 254 1617 307 miunda,

157 335 266 374 quae
293 323 587 362 advenientem
606 324 901 364 Kirwaschum
929 326 1226 383 cognovisset?
1247 327 1394 371 marito
1424 339 1501 371 suc
1532 340 1621 372 rem

1424 362 1445 370 υ

157 396 370 447 patefecit·
416 396 599 435 Maritus
630 395 903 442 Chcraimum
933 403 1179 445 ben-Sinan
1209 404 1380 444 fratrem
1416 404 1623 444 Thalhahi

155 468 377 512 certiorem
416 469 528 513 fecit.
587 473 870 514 Kirwaschus
912 487 963 514 sc
1002 488 1027 516 a
1068 476 1241 515 muliere
1282 490 1305 514 c
1336 481 1464 528 gente
1499 477 1622 517 Ahbs

155 544 330 584 oriunda
350 546 562 598 cognitum
581 558 682 585 esse
711 545 884 586 audiens
919 546 1044 587 dixit:
1080 566 1221 590 m
1255 550 1389 593 Q>
1447 574 1526 608 r*
1560 566 1622 614 ῳ)

158 627 330 679 „Saepe
369 628 514 666 muiicr
550 627 601 667 ad
644 634 814 681 gentem
853 628 975 668 Ahbs
1021 631 1233 682 pertinens
1281 630 1435 670 malum
1480 627 1623 683 tulit“,

159 711 267 751 quae
314 699 447 738 verba
488 700 526 738 in
575 700 787 751 proverbii
844 701 1191 741 consuetudinem
1243 708 1460 741 venerunt.
1519 701 1624 740 Kir-

156 771 357 810 waschus
387 777 525 810 antem
547 772 687 811 Hizno
720 771 895 811 traditus
918 772 1200 813 occidebatur.
1231 773 1456 826 Degebant
1486 779 1627 812 autem

156 843 367 885 Ahbsitae
408 856 499 882 cnm
533 850 662 895 gente
692 843 1008 884 Banu-Ahmir
1054 856 1190 896 usque
1231 844 1283 883 ad
1313 850 1502 899 tempus,
1541 856 1626 896 quo

155 928 262 970 gens
280 915 575 954 Banu-Ahmir
594 915 632 954 in
654 921 826 968 gentem
842 916 1184 964 Banu-Dsobian
1205 917 1485 955 incursionem
1512 916 1627 955 fecit.

156 991 246 1029 Isto
294 989 400 1027 enim
450 994 639 1039 tempore
678 988 807 1027 frater
851 986 1076 1027 Hanbadhi
1132 988 1424 1027 Dhabbabitac
1469 1001 1493 1027 a
1537 988 1629 1027 viro

156 1060 410 1112 Dsobjanita
450 1060 647 1111 captivus
679 1059 818 1098 factus
859 1065 960 1099 erat.
1020 1059 1102 1098 Hic
1131 1065 1320 1110 tempore
1351 1059 1625 1099 nundinarum

160 1132 337 1172 Ohcatsi
372 1130 523 1170 {udaeo
562 1131 819 1183 oenopolae‚
850 1131 917 1170 uni
951 1143 1004 1170 ex
1038 1131 1188 1170 incolis
1222 1131 1424 1170 'Paimaae
1464 1131 1501 1168 in
1544 1142 1627 1169 cu-

157 1205 339 1245 stodiam
370 1203 544 1244 traditus
577 1209 665 1243 erat
722 1203 907 1243 Iudaeus
938 1202 1105 1242 domum
1136 1209 1357 1242 revertens
1390 1203 1622 1255 captivum,

159 1289 283 1328 quem
313 1276 418 1314 inter
448 1287 605 1314 uxores
637 1286 741 1313 suas
772 1275 1004 1326 invenerat,
1037 1274 1259 1325 castravit,
1286 1286 1393 1325 quae
1423 1286 1491 1312 res
1514 1286 1631 1312 mor-

158 1349 212 1387 tis
246 1359 380 1386 causa
411 1352 513 1385 erat.
573 1346 681 1385 Rem
713 1345 889 1385 audiens
922 1345 1131 1384 Hinbizns
1163 1351 1334 1398 gentem
1361 1345 1631 1383 Banu-Ahbs

158 1419 275 1473 adiit>
317 1418 494 1469 dicens,
543 1423 714 1471 gentem
760 1415 979 1457 Ghathfan
1026 1417 1197 1455 fratrem
1240 1429 1361 1454 suum
1402 1415 1630 1464 occidisse,

159 1503 208 1530 se
247 1491 374 1543 igitur
414 1490 465 1528 ab
499 1489 691 1528 Ahbsitis
722 1488 868 1528 caedis
898 1488 1094 1528 mulctam
1126 1493 1285 1540 petere.
1344 1488 1504 1527 Kaisus
1535 1499 1635 1527 res-

161 1556 329 1608 pondit:
375 1556 534 1595 Manus
576 1568 670 1594 mea
700 1567 797 1595 cum
834 1568 960 1594 manu
1000 1561 1147 1594 vestra
1190 1561 1255 1594 est
1286 1561 1432 1594 contra
1463 1560 1635 1607 gentem

163 1626 397 1679 Ghathfan,
441 1626 518 1666 scd
551 1626 736 1665 Iudaeus
777 1628 991 1679 captivum
1045 1639 1137 1666 cum
1178 1640 1313 1666 uxore
1348 1638 1424 1665 sua
1464 1625 1638 1664 invenit·

159 1700 370 1739 Hinbizns
391 1705 534 1738 autem
562 1698 686 1738 dixit:
708 1699 763 1738 Et
792 1699 827 1737 si
844 1705 1000 1738 ventus
1032 1712 1126 1738 eum
1155 1699 1400 1750 occidisset,
1429 1692 1635 1750 profecto!

161 1771 284 1810 vobis
311 1771 468 1809 mulcta
500 1769 637 1809 danda
661 1776 791 1809 esset.
850 1771 972 1809 Haec
1004 1771 1177 1809 audiens
1205 1770 1365 1808 Kaisus
1394 1769 1495 1808 dixit
1518 1769 1639 1821 genti

164 1855 281 1883 suae:
340 1843 451 1881 Date
481 1842 677 1881 mulctam
710 1842 831 1882 etad
865 1848 1034 1895 gentem
1066 1849 1253 1881 vestram
1289 1843 1357 1891 ite,
1391 1854 1485 1880 nam
1524 1853 1637 1879 mors

160 1915 268 1954 inter
299 1921 471 1967 gentem
505 1912 724 1953 Ghathfan
753 1915 897 1953 melior
932 1919 1014 1967 est,
1046 1926 1169 1966 quam
1210 1913 1295 1951 vita
1327 1913 1434 1951 inter
1464 1918 1637 1963 gentem

163 1986 475 2026 Banu-Ahmir.
533 1985 723 2025 Tandem
760 1991 940 2036 utraque
969 1997 1068 2036 pars
1100 1985 1307 2024 continuis
1346 1984 1513 2035 proeliis
1537 1983 1639 2022 fati-

165 2064 271 2112 gata
299 2058 353 2098 ad
386 2069 535 2109 pacem
568 2070 780 2110 propensa
820 2063 922 2096 erat.
982 2058 1028 2095 In
1061 2057 1153 2095 loco
1183 2057 1349 2095 Kathan
1385 2055 1529 2121 (αἰαὶ)
1558 2055 1638 2094 dno

165 2140 233 2179 filii
263 2137 445 2191 Bagidhi
475 2138 596 2177 Ahbs
641 2144 682 2177 et
729 2137 920 2189 Dsobjan
965 2138 1082 2189 pacis
1131 2137 1447 2188 componendae
1506 2148 1639 2175 cansa

166 2215 470 2251 convenerunt.
530 2210 589 2248 Ibi
632 2222 755 2261 qnnm
806 2209 1028 2247 Ilozainns
1067 2207 1465 2246 ben-Dhamdham
1507 2207 1639 2258 patris

165 2293 314 2321 necem
349 2281 521 2334 ulturusj
555 2285 599 2318 ut
630 2280 861 2318 iurameito
891 2291 970 2317 sno
991 2278 1278 2318 satisfaceret.
1306 2277 1533 2316 Baihannm
1561 2288 1638 2316 oc-

167 2351 363 2403 cidisset,
395 2363 476 2390 non
529 2351 702 2389 multum
748 2351 919 2402 aberat)
969 2350 1062 2401 quin
1103 2355 1189 2387 tota
1233 2361 1301 2387 res
1344 2349 1455 2387 irrita
1498 2347 1639 2387 fieret:

167 2424 373 2464 Ahbsitac
395 2423 504 2461 enim
523 2422 733 2475 dixerunt,
766 2434 814 2460 sc
845 2434 927 2460 non
947 2433 1046 2460 esse
1076 2433 1222 2473 pacem
1248 2421 1453 2460 facturos.
1486 2433 1638 2472 qnam-

167 2494 236 2535 diu
288 2506 403 2533 mare
442 2493 579 2532 lanam
618 2494 822 2544 irrigaret.
883 2491 972 2533 Sed
1022 2492 1217 2532 tandem.
1259 2498 1483 2545 postquam
1518 2492 1638 2531 Cha-

170 2566 356 2618 ridjahns
397 2565 638 2604 ben-Sinan
671 2565 797 2603 silium
836 2576 957 2602 sunm
999 2564 1049 2602 ad
1082 2565 1250 2603 fratrem
1295 2564 1424 2603 occisi
1466 2562 1642 2602 duxerat

175 2644 214 2677 et
240 2637 447 2676 ducentos
478 2636 684 2675 camelos'
717 2648 792 2688 pro
823 2634 905 2674 filio
937 2637 1079 2675 occiso
1104 2635 1140 2674 ei
1179 2635 1346 2674 solvere
1376 2635 1640 2687 promiserat.

200 2797 232 2833 1>
259 2792 409 2823 Centum
434 2789 612 2821 solvebat:
638 2788 847 2820 diminuebat
875 2787 1013 2819 dimidio
1039 2788 1188 2827 pretinm
1221 2786 1346 2827 religio
1374 2785 1572 2817 islamitica.
