1771 3072
826 83 1129 126 —232—

239 218 384 254 contra
415 211 692 266 'Paghlebitas
724 209 938 263 profectus
969 214 1047 248 est.
1087 210 1135 248 In
1165 207 1237 247 via
1268 206 1615 261 quadringentos,
1645 204 1700 246 ad

237 299 389 339 aquam
418 284 677 326 Albischr
695 283 950 336 appellatam
980 282 1234 334 quingentos
1259 279 1426 319 occidit.
1455 277 1699 318 Alachtha-

237 363 303 402 lus
333 362 455 401 huius
482 361 542 401 rei
580 362 732 401 certior
762 360 903 400 factus
930 359 1225 411 imperatorem
1261 356 1344 396 hoc
1379 367 1508 396 versu
1539 355 1703 394 allocu-

240 440 310 473 tus
341 438 428 472 est:

294 535 436 614 5335}
467 555 644 622 &unt
684 538 769 626 qis
797 536 880 625 4155*
901 540 1008 625 gr
981 538 1075 612 „423
1104 539 1234 628 Σεῖριρ
1269 533 1412 605 ᾀιΞς
1447 528 1534 618 {32³}
1569 536 1648 596 δὲ]

243 690 365 741 „lam
393 687 447 727 ad
475 701 627 740 aquam
658 684 856 728 Albischr
882 688 1182 741 Alhadjdjafus
1210 696 1382 743 gentem
1415 701 1555 729 meam
1584 687 1707 732 clade.

298 760 469 814 adfecit,
500 760 553 800 de
584 773 666 813 qua
695 773 791 801 cum
823 762 914 800 Deo
938 761 1197 814 querendum
1228 768 1271 802 et
1297 763 1339 802 in
1369 775 1421 802 eo
1444 761 1598 802 fiducia
1626 774 1709 814 po-

299 831 434 871 nenda
465 829 582 872 est.“
638 833 826 872 Meti-um
857 833 1024 873 Thawil
1056 839 1135 873 est.
1165 847 1205 885 p.
1238 835 1329 875 161.

354 914 570 967 Hadjdjafi
602 922 743 955 autem
774 919 1026 969 sanguinem
1067 929 1194 970 quum
1236 917 1464 969 imperator
1501 916 1709 958 devovis-

244 990 324 1031 set,
356 985 409 1024 ad
438 987 732 1039 imperatorem
764 985 975 1027 Graecum
1007 988 1197 1041 confugit
1223 994 1265 1028 et
1293 988 1387 1028 inde
1414 994 1514 1041 post
1544 995 1709 1042 septem

241 1071 442 1097 annorum
473 1059 836 1110 spatiummortuo
858 1059 1206 1110 Abd-Almalico,
1234 1072 1361 1112 quum
1394 1061 1446 1099 ab
1479 1061 1574 1100 eius
1601 1073 1709 1101 suc-

243 1141 417 1168 cessore
448 1130 658 1169 Alwalido
688 1130 1141 1172 ben-Ahbd-Almalie
1184 1132 1428 1172 securitatis
1456 1133 1709 1185 promissum

245 1201 503 1255 accepisset.
533 1200 665 1240 rediit.

535 1333 770 1456 μιυῖ
906 1313 1087 1457 >3⁹05
1138 1333 1268 1420 &2525
1365 1366 1415 1458 &rt

245 1517 322 1563 96.
393 1514 673 1565 Audaciore
728 1521 916 1586 impetu
968 1522 1186 1579 irruens,
1238 1537 1389 1586 quam
1438 1518 1713 1568 Alharitsus

394 1599 490 1647 ben
509 1628 534 1638 ·-
554 1600 789 1650 Thsalim.

319 1719 597 1759 Proverbium
628 1732 679 1760 eo
710 1726 848 1760 ortum
878 1733 978 1761 esse
1008 1720 1165 1773 dicunt,
1196 1720 1304 1773 quod
1338 1720 1572 1761 Chaledum
1603 1721 1714 1760 ben-

246 1790 395 1842 Djafar
425 1791 690 1844 ben-Cilab,
723 1793 791 1845 qui
821 1793 898 1832 sub
929 1794 1059 1832 tutela
1089 1793 1311 1832 Alaswadi
1340 1792 1714 1832 ben-Almondsir

243 1862 359 1916 regis
399 1869 539 1918 esset,
580 1864 737 1916 impetu
767 1864 882 1903 facto
924 1864 1165 1904 occidisset.
1224 1864 1350 1918 Regi,
1384 1865 1454 1917 qui
1485 1865 1715 1918 fugientem

244 1941 421 1992 assequi
450 1953 532 1979 non
562 1946 737 1994 posset,
788 1942 1009 1982 consilium
1041 1941 1242 1981 dederant
1262 1941 1560 1994 capiendarum
1590 1942 1716 1993 puel-

247 2012 379 2053 larum
411 2028 434 2053 e
461 2019 591 2068 gente
622 2013 763 2065 Balijj,
795 2014 930 2065 (quae
959 2026 1058 2065 pars
1074 2014 1215 2067 gentis
1236 2014 1418 2053 Kodhah
1449 2015 1576 2064 erat),
1607 2025 1714 2065 quas

247 2096 412 2124 summo
443 2085 483 2124 in
513 2097 658 2124 amore
688 2085 876 2124 haberet.
935 2085 1032 2125 Rex
1059 2085 1276 2124 consilium
1309 2092 1486 2124 secutus
1514 2097 1589 2124 eas
1620 2097 1716 2124 cum

248 2157 423 2196 camelis
452 2156 637 2197 abduxit.
698 2156 788 2198 Sed
819 2158 1059 2198 Alliaritsus
1090 2158 1149 2196 rei
1179 2157 1331 2196 certior
1362 2157 1504 2196 sactus
1544 2170 1570 2196 a
1611 2156 1717 2210 fuga

249 2227 369 2266 rediit
409 2234 451 2267 et
481 2229 637 2276 locum,
668 2228 737 2266 ubi
756 2235 1049 2281 pascerentur,
1077 2228 1300 2280 quaesivit.
1319 2229 1455 2269 Unam
1479 2234 1621 2267 autem
1638 2240 1716 2268 ca-

248 2299 399 2339 melam
430 2311 572 2338 earum
603 2299 786 2339 Anaffah
818 2300 1092 2352 appellatam,
1124 2299 1248 2338 lactis
1279 2300 1577 2354 abundantem.
1609 2312 1718 2352 quae

248 2385 273 2410 a
287 2371 452 2410 duobus
470 2372 574 2410 viris
596 2372 870 2423 inulg.¹;erctur5
890 2373 1155 2424 conspiciens
1168 2373 1271 2411 viris
1292 2372 1412 2412 dixit:
1440 2372 1647 2413 Recedite
1664 2372 1716 2412 ab

250 2455 302 2481 ea
340 2448 382 2481 et
421 2456 547 2495 quum
589 2441 642 2481 ad
681 2442 892 2482 sinistrum
938 2443 1085 2482 cameli
1123 2444 1231 2482 latus
1272 2450 1391 2483 stans
1432 2444 1524 2482 eius
1564 2455 1718 2483 vocem

251 2525 430 2552 noscens
462 2515 664 2565 crepitum
678 2514 838 2552 ventris
853 2515 1080 2566 emitteret,
1112 2514 1237 2555 dixit:
1277 2516 1395 2568 „Lai
1442 2515 1570 2579 Uala-‘5
1606 2517 1716 2562 wi

253 2596 428 2637 ·-l'odex
465 2599 616 2637 stantis
653 2597 706 2636 ad
748 2598 961 2637 sinistrum
1004 2599 1193 2638 camelae
1234 2599 1344 2637 latus
1375 2599 1514 2651 magis
1555 2610 1716 2650 gnarus

253 2668 368 2708 eslf*
426 2670 511 2713 (De
551 2670 632 2709 hoc
670 2670 861 2721 proverb.
900 2670 982 2708 vid.
1027 2670 1074 2710 C.
1117 2672 1226 2725 ΧΠ,
1264 2672 1343 2710 17.)
1400 2677 1441 2709 et
1483 2671 1644 2722 puellas
1674 2677 1717 2709 et

256 2753 407 2792 pecora
456 2742 657 2781 liberavit.
718 2743 822 2780 'l'um
876 2743 1176 2794 supellectilem
1229 2744 1359 2782 sellae
1413 2743 1570 2784 Senani
1609 2742 1717 2782 ben-
