1771 3072
657 172 955 212 —353-

78 299 254 339 Pei-siae
282 301 327 336 et
350 296 560 337 Graeciae
591 295 750 335 incolas
780 294 927 332 rubros
956 293 1209 346 appellasse,
1240 291 1391 344 quibus
1419 291 1531 330 color

78 370 198 410 albus
228 374 357 409 esset.

514 429 574 465 sse,
632 448 653 457 e
687 441 707 458 ο
737 438 753 457 >
808 428 867 458 5ae
915 447 937 457 φ

515 471 760 524 Μκὲω
809 459 964 521 Mt>
1063 467 1134 521 ⁸⁸1²

82 597 158 644 34.
216 595 375 642 Vidua
409 595 471 642 ol>
508 610 724 640 amorem
761 593 807 637 in
845 590 1024 639 liberos
1062 590 1304 638 secundas
1339 590 1537 655 nuptias

209 680 457 717 recusans,
495 679 623 727 quae
658 677 830 705 manus
867 677 976 706 suas
1013 660 1183 724 pingit.

165 745 315 786 Codex
345 759 468 786 meus
499 746 708 799 Qm3txao,
745 743 837 782 ced.
867 744 916 781 L.
937 744 1159 797 &Aa-2335
1188 741 1327 781 habet.
1374 741 1540 780 Sensus

83 823 192 863 idem
213 829 290 862 est.
331 825 482 863 Mulier
508 823 715 876 quaedam
736 823 886 863 marito
909 822 1106 861 defuncto
1137 825 1298 860 tantum
1317 818 1357 856 in
1385 817 1540 855 liberos

83 908 269 935 amorem
305 896 560 949 affectabat,
601 903 646 935 ut
682 894 894 935 secundas
932 895 1099 946 nuptias
1141 905 1188 932 se
1223 892 1417 930 inituram
1457 900 1540 927 non

83 981 187 1007 ,esse
234 968 402 1008 diceret.
470 968 590 1018 Quae
640 980 764 1019 quum
809 967 958 1006 eodem
1002 971 1190 1017 tempore
1241 974 1391 1002 manus
1440 971 1541 999 suas

85 1039 301 1093 pingeret,
348 1040 537 1077 homines
578 1039 629 1078 de
669 1039 850 1078 veritate
888 1038 987 1077 dicti
1024 1036 1288 1086 dubitantes,
1333 1031 1543 1085 proverbii

86 1112 218 1151 verba
248 1112 572 1163 pronuntiarunt.
629 1112 696 1150 De
728 1124 778 1150 eo
810 1110 1049 1163 adhibetur,
1093 1108 1215 1147 cuius
1254 1105 1410 1159 agendi
1438 1104 1543 1143 ratio

87 1182 207 1222 nobis
237 1188 437 1233 suspecta
467 1187 545 1221 est.
602 1181 733 1222 Meid.
763 1180 1092 1221 Samachschar.

450 1268 605 1372 {50⁸2OE
652 1292 699 1364 A*
717 1261 827 1382 >pio
865 1267 1056 1365 josto-{-
1153 1301 1215 1349 5⁴⁴0

90 1426 167 1469 35.
237 1422 555 1487 Propinquus
593 1424 683 1468 viri
731 1433 803 1469 est
838 1423 903 1479 is,
952 1423 1039 1487 qui
1075 1437 1186 1468 cum
1225 1436 1283 1465 eo
1328 1417 1547 1463 coniun-

240 1501 347 1536 ctus
387 1499 470 1536 est.

197 1568 387 1617 Primus,
437 1569 507 1620 qui
545 1569 676 1607 verba
718 1568 826 1606 haec
863 1566 1036 1617 dixerit,
1087 1563 1401 1605 Alchonabisus
1440 1561 1549 1602 ben-

90 1636 383 1679 Almokannah
423 1639 558 1678 fuisse
597 1639 781 1678 traditur.
839 1639 916 1678 Vir
956 1637 1121 1690 quidam
1153 1636 1270 1676 Cilab
1311 1632 1551 1674 ben-Farih

91 1710 323 1760 appellatus
353 1723 459 1749 oves
489 1716 659 1762 pastum
690 1710 870 1749 duxerat
899 1713 941 1747 et
972 1721 1100 1760 quum
1125 1709 1289 1747 leonem
1311 1707 1351 1744 in
1372 1715 1552 1758 gregem

92 1780 387 1832 irrumpentem
417 1782 622 1833 repellere
661 1782 808 1833 vellet,
840 1785 1077 1832 prostratus
1117 1784 1218 1817 erat.
1275 1776 1446 1817 Accidit
1472 1787 1553 1813 au-

93 1857 192 1898 tem,
225 1858 270 1890 ut
299 1859 527 1904 momento,
561 1864 643 1904 quo
675 1853 739 1890 leo
772 1865 901 1903 super
933 1851 1080 1890 Cilabo
1112 1849 1328 1899 insideret,
1361 1848 1441 1887 dno
1471 1845 1552 1885 viri

94 1922 371 1974 accederent,
409 1924 511 1961 alter
543 1923 817 1961 Chonaberus
857 1920 1164 1972 ben-Merrah,
1207 1920 1342 1959 Cilabi
1379 1917 1554 1969 propin-

96 2004 218 2044 quus,
257 1994 360 2031 alter
390 1992 618 2031 Ilauschab
649 1993 895 2043 appellatus.
956 1990 1245 2041 Chonaberus,
1278 2002 1303 2027 a
1335 1988 1483 2027 Cilabo
1513 1986 1553 2024 in

97 2063 295 2101 auxilium
334 2068 539 2114 vocatus,
581 2075 730 2113 equum
771 2061 943 2100 deflexit
973 2072 1154 2111 eumque
1185 2059 1393 2110 deseruit,
1427 2058 1552 2096 Hau-

98 2133 282 2172 sehabus
322 2140 463 2172 autem
503 2133 703 2185 impetum
745 2133 784 2171 in
824 2133 987 2171 leonem
1018 2131 1180 2170 faciens
1211 2131 1412 2169 auxilium
1449 2129 1553 2183 tulit,

100 2210 142 2243 et
179 2205 313 2243 virum
354 2203 554 2242 liberavit.
625 2203 797 2242 Cilabus
835 2203 995 2254 gratias
1036 2214 1170 2254 agens
1209 2200 1333 2239 dixit:
1379 2201 1469 2238 „Tu
1506 2210 1554 2237 es

102 2277 356 2328 propinquus
397 2288 543 2329 meus,
590 2275 863 2314 Chonaberus
905 2288 986 2313 non
1035 2279 1100 2311 est
1113 2287 1153 2323 ,ιι
1204 2279 1245 2312 et
1285 2272 1339 2311 ad
1384 2276 1556 2324 gentem

101 2361 195 2387 euin
226 2347 438 2387 adducens
471 2347 617 2386 eadem
648 2347 842 2399 repetivit
876 2346 1020 2390 verba.
1060 2345 1212 2397 Aliquo
1243 2350 1431 2395 tempore
1461 2347 1558 2394 post

104 2420 276 2460 Cilabus
321 2426 496 2459 mortem
541 2420 651 2458 obiit.
710 2417 1017 2471 llauschabus,
1060 2429 1185 2468 quem
1225 2415 1451 2454 defunctus
1491 2414 1557 2452 ille

102 2502 243 2535 coram
273 2497 400 2542 gente
431 2502 510 2528 sua
538 2490 813 2541 propinquum
853 2488 1140 2539 appellaverat
1178 2491 1219 2525 et
1266 2486 1555 2537 Chonaberus,

105 2562 174 2613 qui
204 2575 248 2599 re
278 2574 381 2600 vera
413 2561 597 2599 defuncti
626 2561 879 2612 propinquus
919 2564 1029 2610 erat,
1069 2558 1174 2596 inter
1204 2569 1252 2596 Se
1283 2557 1334 2596 de
1362 2555 1558 2595 haeredi-

106 2637 193 2671 tate
233 2633 461 2685 litigabant.
520 2631 610 2670 Res
645 2631 697 2670 ad
733 2630 1086 2682 Alchonabisum,
1129 2629 1197 2680 qui
1236 2634 1323 2667 tum
1360 2628 1558 2679 temporis

108 2702 212 2742 inter
248 2710 417 2755 gentem
458 2715 576 2742 suam
608 2701 785 2741 dominio
817 2702 1032 2754 utebatur,
1069 2700 1210 2738 delata
1239 2705 1315 2738 est.
1373 2697 1559 2742 Adhibiti

109 2779 245 2813 testes
275 2787 397 2826 quum
428 2773 614 2813 defuncti
644 2773 792 2814 verba:
835 2772 928 2811 >ahie
967 2777 1033 2811 est
1070 2771 1321 2822 propinquus
1360 2780 1479 2808 meus
1518 2774 1560 2807 et

1241 2857 1303 2899 23
