1771 3072
662 134 853 175 -693
908 158 963 166 —-

96 252 329 306 mulierem,
359 265 467 307 quae
496 259 683 294 aromota
713 254 931 296 venderet.
987 256 1229 309 Antequam
1264 256 1419 298 bellum
1458 259 1541 298 ini-

95 329 209 377 rent,
258 337 408 364 manus
447 325 486 364 in
524 327 776 365 aromatibus
814 327 992 367 tinxisse
1030 329 1239 383 iurantes,
1286 342 1336 369 se
1363 336 1542 372 mortem

94 397 298 447 petituros
326 402 366 436 et
394 397 540 450 fugam
568 410 650 436 non
680 403 878 450 capturos
908 411 1019 439 esse.
1079 401 1127 440 Si
1155 401 1196 440 in
1222 401 1331 440 illius
1357 403 1541 442 mulieris

95 469 347 508 aromatibus
374 482 521 508 manus
552 470 793 523 tinxissent,
819 471 1008 510 homines
1038 471 1209 526 dixisse,
1243 473 1348 513 „iam
1380 474 1544 514 contri-

94 545 245 579 verunt
280 540 387 578 inter
428 552 476 578 se
513 553 654 580 aroma
693 541 1010 581 Manschimaecc
1052 555 1157 594 quae
1197 544 1330 583 verba
1370 545 1542 597 saepius

95 612 275 662 repetita
324 612 363 650 in
409 613 675 663 proverbium
715 614 944 653 venissent.
1010 614 1084 653 Sic
1132 615 1286 668 legitur
1324 616 1365 655 in
1412 629 1541 657 versu

96 680 258 722 decimo
288 695 396 722 nono
426 682 667 722 Moallakae
699 681 865 724 Sohairi
894 685 1284 726 ben-Abi-Solma:

95 771 250 840 „aial-33
270 770 364 851 ῥέε
395 770 546 846 Ᾱξὲζξ
578 778 681 847 5333
719 775 837 848 §its-‘25-
857 779 887 832 t}
907 774 992 845 5232}
1027 773 1176 856 &3333
1214 775 1318 847 ιᾲζὲ
1354 774 1544 857 &3535-

97 902 216 942 »Vos
247 902 326 942 duo
356 916 506 956 pacem
537 905 836 957 composuistis
866 905 973 944 inter
1002 911 1155 959 gentes
1178 907 1300 947 Ahbs
1330 912 1373 947 et
1397 908 1543 948 Dsob-

142 973 233 1027 jan,
264 982 541 1027 posteaquam
571 989 619 1015 se
656 977 839 1016 invicem
877 977 1144 1030 perdiderant
1173 986 1214 1019 et
1244 993 1386 1020 aroma
1413 981 1544 1021 Man-

149 1045 334 1084 schamae
364 1047 469 1085 inter
500 1059 547 1085 se
579 1048 902 1087 contriverantu

202 1118 286 1158 Alii
334 1124 523 1172 narrant,
577 1120 903 1159 Manschamam
952 1120 1087 1159 fuisse
1142 1121 1381 1176 mulierem,
1435 1135 1544 1175 quae

93 1195 309 1242 aromata,
351 1190 497 1242 quibus
535 1191 574 1229 in
613 1191 789 1229 mortuis
826 1196 1060 1244 uterentur,
1091 1192 1317 1246 venderet,
1359 1199 1399 1233 et
1435 1194 1545 1234 hanc

95 1273 194 1300 esse
224 1260 572 1314 significationem
602 1262 698 1301 voci
716 1260 811 1325 5122
839 1262 879 1300 in
908 1263 1050 1301 verbis
1069 1262 1161 1326 3122
1197 1283 1309 1331 “K-*⁶9
1350 1267 1434 1323 53.)
1468 1271 1545 1308 049·

94 1348 247 1398 Ἀκμὴ
284 1344 557 1383 tribuendam.
617 1344 697 1395 Qui
745 1351 883 1385 autem
922 1346 1203 1399 contendunt,
1255 1353 1406 1401 „attan
1445 1361 1544 1388 esse

93 1424 167 1462 pro
194 1417 293 1465 „aa
328 1434 383 1465 0„
420 1410 598 1463 dictum,
636 1424 724 1451 rem
763 1412 826 1450 sio
867 1413 1101 1464 explicant:
1148 1414 1303 1453 Fuisse
1331 1416 1544 1456 mulierem

97 1493 285 1533 Chofrah
325 1493 596 1544 appellatam,
647 1506 756 1545 quae
799 1499 988 1533 aromata
1026 1495 1243 1535 venderet.
1310 1497 1380 1537 Ad
1419 1499 1546 1538 istam

94 1566 269 1604 venisse
318 1564 522 1616 quosdam
561 1566 753 1618 Arabes,
806 1566 874 1618 qui
923 1567 1108 1619 abreptis
1151 1570 1407 1609 aromatibus
1453 1583 1546 1610 eam

94 1637 323 1689 ignominia
353 1636 584 1675 afficerent.
634 1636 852 1675 Mulierem
880 1643 1017 1677 autem
1046 1639 1189 1692 istam,
1221 1652 1344 1692 quum
1375 1647 1545 1693 gentem

95 1720 217 1747 suam
249 1710 287 1747 in
317 1709 512 1747 auxilium
541 1713 760 1759 vocasset,
792 1714 982 1760 raptores
1012 1717 1333 1763 persequentem
1356 1717 1396 1751 et
1418 1725 1547 1752 asse-

97 1786 292 1833 quentem
323 1780 505 1818 dixisse:
538 1786 599 1845 {⁶³3⁴
635 1803 690 1834 ΕΓ.
724 1780 835 1838 5λχ5ῖ
869 1780 1086 1820 »Occidite
1115 1795 1233 1836 eum,
1266 1783 1335 1836 qui
1364 1784 1545 1824 olfacit«

97 1864 184 1904 Alii
212 1869 352 1903 antem
382 1862 536 1914 dicunt,
573 1863 724 1901 verba:
755 1869 933 1917 Ἀεὶ-ἰ-»
957 1863 1074 1927 ;-h2
1109 1876 1281 1923 „4234
1316 1868 1425 1925 5-3.)
1459 1873 1547 1911 0„ss

99 1948 213 1984 „Iam
248 1944 535 1984 contriverunt
562 1945 667 1983 inter
698 1957 746 1983 se
781 1946 1252 1986 aromaManschamaecc
1284 1948 1349 1987 die
1378 1962 1545 2002 pugnae

96 2016 292 2056 Halimah
323 2016 560 2067 appellatae
588 2015 628 2053 in
658 2017 925 2066 proverbium
957 2018 1129 2056 Venisse
1159 2024 1201 2057 et
1230 2031 1322 2059 cum
1353 2034 1402 2059 eo
1433 2022 1546 2061 alte-

96 2102 186 2128 rum
225 2087 494 2139 proverbium
533 2086 788 2125 cohaerere:
825 2107 913 2150 jag
950 2089 1084 2140 QX>
1118 2109 1206 2147 lvd
1243 2090 1273 2131 L„
1317 2092 1442 2130 »Non
1479 2099 1547 2133 est

98 2172 188 2211 dies
219 2172 412 2211 Halimae
450 2176 702 2210 secretum«
762 2171 841 2210 Die
880 2172 960 2210 isto
997 2172 1103 2211 inter
1138 2173 1398 2214 Alharitsum
1438 2176 1546 2215 ben-

99 2245 379 2285 Abi-Schimr
420 2243 734 2284 Ghassanidam
775 2244 929 2296 Syriae
969 2258 1113 2298 regem
1155 2251 1198 2285 et
1235 2247 1547 2289 Almondsirum

97 2315 463 2356 ben-Almondsir
500 2313 955 2354 ben-Ahmru-I'Kais
986 2317 1162 2356 Ihracae
1200 2330 1346 2370 regem
1375 2332 1547 2372 pugna-

97 2388 229 2428 batur.
287 2388 391 2426 Dies
439 2392 579 2426 autem
627 2387 792 2424 nomine
831 2387 1027 2426 Halimah
1075 2388 1387 2443 appellabatur,
1437 2390 1548 2443 quod

98 2460 181 2498 isto
213 2459 278 2498 die
307 2459 472 2498 Halima
502 2458 585 2496 filia
614 2457 817 2496 Alharitsi
846 2470 1028 2510 pugnam
1061 2459 1346 2511 ingredientes
1378 2474 1548 2500 aroma-

99 2530 211 2569 tibus
237 2530 456 2577 infecerat,
487 2535 530 2568 ut
560 2529 676 2580 quasi
698 2529 817 2567 morti
848 2529 1082 2568 consecrati
1113 2530 1274 2568 fortiter
1301 2538 1547 2583 pugnarent.

99 2604 181 2642 llis
214 2607 354 2641 autem
385 2601 638 2640 aromatibus
670 2601 811 2639 infecti
850 2614 872 2639 e
901 2613 1044 2653 pugna
1074 2615 1155 2640 non
1185 2602 1408 2642 redierunt.
1466 2604 1550 2642 Alii

101 2674 257 2723 dicunt,
288 2673 447 2711 mulieri
465 2672 758 2711 Manschimae
788 2673 1021 2724 appellatae
1050 2673 1242 2712 maritum
1274 2685 1367 2713 cum
1396 2675 1547 2730 lapide,

101 2757 181 2797 quo
213 2748 400 2784 aromata
439 2748 654 2795 teruntur,
699 2754 848 2783 nasum
882 2743 1079 2796 fregisse.
1136 2743 1258 2794 Quae
1293 2757 1416 2796 quum
1445 2757 1549 2786 san-

1227 2830 1290 2876 45
