1813 3039
748 123 801 130 ——-
858 113 925 141 vu
982 124 1034 131 v

166 224 483 277 proverbiorum
503 230 636 264 metra
664 224 917 277 spectantia,
939 236 1019 263 nec
1038 237 1120 263 non
1142 223 1224 264 alia
1244 222 1446 263 adnotare
1471 224 1623 276 negle-

169 319 333 365 xerant,
366 326 418 352 ea
446 313 539 365 ipse
569 311 720 352 addidi,
765 312 998 362 Quominus
1029 317 1171 352 autem
1199 313 1340 363 plures
1370 311 1510 351 multis
1530 311 1622 350 for-

167 407 287 441 tasse
301 407 462 454 gratas,
476 400 726 453 quibusdam
743 401 1008 440 necessarias
1026 401 1330 454 adnotationes,
1351 412 1526 453 quarum
1542 413 1624 439 ne-

167 502 248 542 que
270 490 439 528 occasio
455 502 594 542 neque
623 490 795 529 materia
812 489 910 529 mihi
929 488 1085 543 deerat,
1100 488 1338 542 adiicerem,
1361 502 1516 543 magna
1534 490 1624 529 libri

167 579 300 618 moles
322 577 561 630 impedivit,
590 578 786 618 timebam
817 578 942 631 enim,
978 591 1032 617 ne
1060 578 1246 630 pluribus
1276 577 1428 618 additis
1453 578 1623 618 nimium

168 670 450 705 accresceret.
497 665 553 704 Et
576 665 760 705 studium
782 671 824 706 et
852 665 1104 705 desiderium
1133 667 1214 705 hac
1243 666 1283 705 in
1313 679 1359 704 re
1387 666 1626 718 saepissime

170 752 451 793 coercendum
490 759 590 792 erat.
652 752 774 804 Quod
812 755 1057 794 recentioris
1095 755 1191 793 aevi
1233 754 1456 806 proverbia
1490 755 1626 794 rarius

171 847 333 882 tantum
377 841 711 882 adnotationibus
757 844 988 896 illustravi,
1042 842 1083 881 id
1130 856 1183 882 ne
1232 845 1379 882 mirum
1417 842 1623 882 videatur.

171 931 337 971 Arabes
376 937 450 971 aut
487 931 598 984 quod
644 933 685 971 in
720 932 770 972 iis
801 933 854 972 nil
885 933 1068 986 ambigui
1095 932 1286 972 viderent
1313 937 1385 972 aut
1413 932 1478 971 sui
1509 937 1624 971 tem-

171 1021 284 1072 poris
312 1020 502 1061 homines
528 1021 771 1075 ambiguum
797 1022 945 1061 tollere
985 1034 1115 1073 posse
1143 1028 1352 1077 putarent,
1384 1021 1625 1062 adnotatio-

172 1120 248 1148 nes
286 1119 377 1147 raro
418 1104 676 1145 addiderunt.
733 1105 828 1157 Ego
870 1105 1106 1144 recentiora
1146 1105 1369 1157 proverbia
1409 1105 1521 1158 quod
1552 1110 1627 1144 aut

172 1197 227 1235 nil
256 1195 366 1234 dubii
395 1193 546 1232 offerre
575 1192 815 1233 viderentur
844 1199 915 1233 aut
947 1206 1002 1232 ex
1033 1194 1282 1245 scriptorum
1310 1194 1439 1245 locis,
1477 1206 1502 1232 a
1532 1193 1628 1246 qui-

172 1285 249 1324 bus
288 1284 472 1324 adhibita
511 1283 615 1336 sint,
656 1285 759 1323 satis
788 1284 893 1322 lucis
934 1284 1163 1335 accipiant,
1207 1283 1419 1334 explicare
1455 1283 1629 1334 saepius

172 1373 384 1412 intermisi.
445 1371 692 1413 Cavendum
722 1384 887 1424 quoque
917 1376 1032 1425 erat,
1073 1385 1126 1410 ne
1153 1371 1257 1411 meis
1289 1369 1627 1411 adnotationibus

174 1462 368 1515 legentes
398 1461 438 1500 in
467 1461 581 1500 viam
616 1460 766 1500 falsam
800 1461 1020 1512 ducerem,
1061 1458 1219 1498 factum
1259 1459 1369 1498 enim
1399 1465 1466 1498 est
1494 1458 1629 1497 inter-

176 1549 293 1602 dum,
332 1556 375 1588 ut
413 1555 483 1589 aut
523 1548 733 1601 proverbii
769 1561 873 1588 usus
903 1561 928 1588 a
958 1549 1181 1587 verborum
1212 1549 1373 1586 ratione
1409 1546 1630 1586 deflexerit

175 1644 246 1679 aut
273 1636 415 1678 varius
445 1635 707 1689 intelligend1
728 1634 895 1688 modus,
928 1634 968 1674 id
996 1637 1103 1688 quod
1131 1637 1170 1675 in
1200 1637 1435 1688 proverbiis
1469 1635 1629 1688 saepius

175 1725 352 1778 accidit,
383 1725 434 1764 ab
464 1724 672 1764 Arabibus
702 1725 804 1777 ipsis
832 1724 1047 1764 admissus
1087 1724 1153 1763 sit.
1210 1723 1344 1763 Erunt
1371 1728 1510 1763 autem
1539 1724 1631 1762 for-

176 1820 316 1868 tasse,
354 1814 424 1866 qui
452 1813 493 1852 in
522 1812 754 1865 proverbiis
785 1810 957 1851 edendis
985 1811 1185 1851 Meidanii
1214 1810 1399 1850 ordinem
1435 1815 1630 1849 secutum

178 1915 245 1941 me
275 1913 376 1940 esse
405 1901 654 1953 vituperent.
712 1901 767 1953 Ii,
800 1900 834 1938 si
864 1900 933 1951 qui
962 1904 1082 1951 sunt,
1114 1908 1199 1937 tres
1229 1898 1328 1937 mihi
1357 1899 1492 1938 fuisse
1522 1910 1628 1937 cau-

179 2002 268 2042 sas,
299 1990 448 2028 sciant.
504 1989 690 2028 Primum
721 1987 828 2027 enim
858 1988 1070 2039 scriptoris
1109 1987 1327 2028 cuiusdam
1360 2000 1465 2039 opus
1496 1986 1630 2026 eden-

180 2078 233 2117 tis
267 2089 370 2129 erga
400 2077 647 2128 scriptorem
681 2077 865 2116 officium
895 2077 993 2115 mihi
1023 2089 1121 2115 esse
1150 2077 1343 2127 videtur,
1382 2083 1427 2115 ut
1465 2090 1490 2117 a
1519 2077 1630 2116 scri-

179 2170 300 2217 ptore
340 2163 636 2216 observatum,
677 2162 775 2200 licet
813 2174 906 2200 eum
945 2174 1026 2200 non
1063 2161 1285 2214 probet¹),
1325 2160 1509 2200 ordinem
1547 2173 1631 2199 non

180 2253 319 2292 turbet
347 2253 417 2291 vel
457 2254 622 2292 omnino
661 2257 816 2305 mutet,
859 2258 945 2291 tum
986 2251 1023 2290 si
1057 2256 1189 2290 totum
1218 2250 1414 2290 Meidanii
1445 2250 1629 2289 ordinem

182 2345 439 2392 mutassem,
478 2353 532 2379 ne
560 2339 601 2378 id
630 2344 819 2378 nostrum
850 2349 956 2390 opus
986 2348 1082 2376 cum
1112 2336 1312 2376 Meidanii
1342 2350 1468 2389 opere
1496 2338 1630 2377 colla-

183 2429 288 2468 turis
316 2441 512 2483 magnam
539 2428 776 2468 molestiam
807 2432 1046 2466 creaturum
1075 2431 1205 2477 esset,
1245 2426 1440 2466 timebam
1469 2431 1628 2467 mutato

209 2603 247 2640 1)
272 2602 384 2644 Quem
415 2604 450 2635 in
484 2603 707 2643 disponendis
746 2605 940 2645 proverbiis
971 2605 1168 2637 Meidanius
1199 2607 1356 2639 ordinem
1386 2608 1529 2639 secutus
1562 2607 1630 2646 est,

271 2666 351 2689 eum
381 2659 415 2690 in
446 2658 593 2699 singulis
622 2660 775 2700 probare
804 2668 876 2692 non
907 2670 1059 2700 possum.
1107 2662 1273 2701 Sequitur
1301 2663 1335 2694 in
1364 2663 1514 2701 capitum
1537 2660 1631 2692 serie

274 2712 472 2745 litterarum
503 2714 679 2756 ordinem,
707 2717 771 2747 sed
802 2715 837 2747 in
875 2716 1044 2755 capitibus
1072 2716 1214 2757 singula
1242 2717 1290 2748 ita
1318 2718 1428 2749 mixta
1450 2720 1553 2758 sunt,
1579 2720 1628 2757 ut,

275 2771 451 2810 quodnam
473 2769 506 2801 ei
527 2769 633 2802 fuerit
656 2770 862 2810 disponendi
885 2771 1087 2815 consilium,
1117 2780 1188 2804 non
1218 2771 1367 2805 videam.
