1771 3072
686 92 985 133 -611—-

195 214 263 254 De
292 227 344 254 eo
374 214 537 269 dicitur,
567 213 639 266 qui
666 213 858 254 fortunae
886 210 1203 254 vicissitudines
1229 211 1435 265 patienter
1464 211 1558 252 fert.

115 285 239 328 Conf.
265 286 387 327 Kam.
417 298 451 326 s.
480 298 522 326 v.
550 291 685 345 2³²2*

601 392 625 403 φ
648 393 671 405 κ
709 375 826 406 Jaeaeae
885 388 907 406 Ο

584 407 949 512 *33935*
1045 421 1099 471 *v

113 546 189 590 27.
258 542 359 588 Iter
392 541 501 600 fac,
536 558 651 588 nam
684 539 803 587 luna
837 540 926 587 tibi
961 549 1047 588 est.

220 627 424 667 Hortatur
461 639 538 666 nos
575 626 862 679 proverbium,
910 631 954 666 ut
993 625 1262 665 occasionem
1299 623 1559 677 arripiamus,

111 699 260 738 Altera
294 705 361 738 est
389 698 514 738 lectio
552 700 622 765 fni
660 697 711 749 (a
747 699 873 761 αἶ...)
914 698 1017 737 ”iter
1045 697 1116 737 fac
1145 704 1431 737 nocturnum.‹:
1485 695 1563 735 Sic

112 793 278 834 quoque
317 781 358 820 in
388 779 753 821 Scharaf-Aldini
793 786 835 820 et
864 779 1207 821 Samachscharii
1241 793 1369 832 opere
1395 779 1562 832 legitur.

372 869 421 890 20
451 857 526 890 wnfi
565 877 590 889 κ
889 868 998 889 Oros-o
1028 869 1080 889 a?
1107 861 1167 888 νβ

351 889 507 985 με
555 891 626 983 Δγ
676 871 783 976 333
830 891 983 996 ξμς
1013 890 1164 995 ,ξω
1259 901 1316 954 t

113 1028 189 1073 28.
259 1025 391 1072 Num
424 1024 631 1073 huiusce
666 1023 761 1071 diei
797 1041 912 1091 pars
951 1023 1144 1090 reliqua
1179 1033 1252 1071 est
1286 1032 1335 1069 et
1369 1033 1563 1089 tempus

263 1106 703 1174 postmeridianum
734 1108 1004 1172 praeteriit.

222 1192 324 1235 Vox
350 1194 450 1255 ἐμ.
488 1205 515 1232 a
541 1191 683 1232 radice
718 1195 796 1259 μὴν
835 1192 1064 1245 >›1·eliquus,
1103 1189 1297 1231 residuus
1327 1195 1418 1229 estc<
1449 1187 1563 1228 deri-

113 1280 252 1315 vatur.
317 1277 500 1316 Iunusus
540 1275 752 1329 proverbii
799 1274 1003 1328 originem
1049 1274 1113 1314 sic
1157 1273 1365 1314 narravit:
1414 1271 1561 1326 Gens,

111 1346 153 1386 in
188 1346 325 1400 ipsam
360 1347 594 1387 incursione
629 1346 769 1387 hostili
805 1346 945 1399 facta,
990 1345 1044 1385 ad
1086 1346 1296 1399 patrueles
1337 1356 1441 1384 suos
1482 1357 1564 1384 au-

113 1419 254 1459 xilium
289 1431 448 1473 rogans
485 1420 671 1459 miserat.
729 1418 1043 1459 Cunctabantur
1080 1423 1219 1457 autem
1259 1416 1458 1456 auxilium
1493 1416 1562 1455 fe-

113 1495 278 1544 rentes,
308 1496 380 1544 ut,
411 1503 536 1544 quum
566 1490 833 1543 advenirent,
874 1488 998 1529 amici
1028 1500 1172 1528 omnes
1203 1488 1244 1527 in
1273 1487 1562 1539 captivit-atem

113 1560 282 1600 abducti
324 1566 482 1601 essent.
546 1560 815 1615 Rogantibus
857 1559 926 1599 ubi
973 1558 1096 1598 amici
1135 1562 1304 1609 essent,
1350 1557 1561 1609 proverbii

114 1644 361 1685 responsum
382 1632 522 1673 datum
542 1638 619 1673 est.
660 1631 833 1685 Proprie
862 1631 915 1671 de
942 1631 1034 1670 viro
1065 1630 1233 1683 dictum,
1265 1631 1334 1684 qui
1362 1629 1563 1682 proficis-

114 1704 236 1745 cendi
265 1710 431 1757 tempus
465 1704 766 1758 praetermisit,
810 1703 851 1743 in
888 1715 982 1743 eum
1021 1701 1296 1755 transfertur,
1336 1702 1404 1754 qui
1432 1713 1563 1741 occa-

116 1775 235 1816 sione
272 1775 510 1830 attingendi
546 1774 871 1829 praetermissa,
916 1787 1004 1814 rem
1051 1773 1177 1827 cupit.
1214 1772 1560 1814 Scharaf-Aldin.

518 1863 643 1885 202-
812 1864 1007 1885 §oa-oea

524 1908 648 1978 2900
695 1872 882 1989 ὀΐω
923 1884 1022 1951 &Lm
1117 1897 1164 1948 νῆ

117 2020 195 2067 29.
262 2016 397 2066 Fluit
430 2016 610 2083 (vallis)
647 2016 839 2074 alveus·
878 2034 991 2064 eum
1024 2017 1175 2081 igitur
1208 2015 1458 2083 relinque!

223 2103 271 2143 In
299 2115 394 2143 eum
424 2101 587 2157 dicitur,
618 2102 687 2155 qui
716 2101 882 2142 modum
911 2101 952 2140 in
979 2113 1025 2140 re
1047 2100 1227 2141 excedit.
1273 2101 1379 2140 Eius
1408 2099 1561 2154 agendi

117 2175 221 2216 ratio
255 2186 350 2216 cum
369 2174 481 2216 valle
507 2175 579 2214 vel
606 2175 729 2214 alveo
757 2186 868 2226 aqua
898 2172 1062 2213 omnino
1090 2173 1258 2227 impleto
1288 2177 1562 2226 comparatur,

599 2269 712 2283 ‘a‘
777 2263 861 2283 σοι

539 2296 712 2369 “aas
761 2284 862 2375 [2⁶
911 2253 1022 2345 ami
1115 2297 1170 2347 r.

120 2404 196 2449 30.
263 2399 391 2448 Male
424 2402 561 2467 pavit
572 2418 588 2457 3
628 2410 735 2446 tum
775 2398 1044 2447 bibendum
1081 2400 1249 2465 pecori
1283 2397 1431 2445 dedit.

225 2490 404 2545 Pastor,
444 2490 514 2543 qui
540 2490 631 2529 sine
659 2501 760 2530 cura
790 2501 920 2542 pecus
948 2495 1148 2542 paverat,
1187 2489 1247 2528 ita
1280 2494 1326 2529 ut
1360 2487 1560 2528 satiatum

119 2573 202 2601 non
231 2568 372 2616 esset,
407 2569 550 2615 potum
579 2561 618 2601 ei
652 2561 861 2614 praebuit,
900 2567 946 2601 ut
974 2567 1125 2600 venter
1154 2560 1392 2614 impleretur
1420 2565 1464 2597 et
1491 2570 1560 2597 res

121 2634 325 2687 cognosci
359 2647 441 2674 non
478 2638 637 2687 posset.
693 2633 741 2672 In
779 2646 875 2673 eum
911 2632 1084 2687 dicitur,
1128 2634 1196 2685 qui
1228 2645 1316 2673 rem
1343 2644 1425 2672 non
1453 2630 1560 2670 bene

120 2703 335 2756 tractavit,
365 2709 451 2744 tum
478 2716 573 2744 eam
600 2708 869 2744 correcturus
899 2703 1083 2756 peiorem
1110 2703 1256 2745 reddit.
