1798 3090
680 166 979 205 -221—

102 295 198 340 teni,
231 301 254 326 e
284 302 365 341 qua
395 290 494 341 fuga
523 289 668 327 relicta
697 300 777 326 non
810 294 947 327 esset.
982 287 1169 327 homines
1202 286 1413 324 incidisse.
1455 300 1554 337 pro-

103 360 287 398 verbium
317 359 482 399 indicat.

550 440 779 533 &offleii
829 438 1022 533 &OQ-[J
1116 459 1164 515 fl

102 587 177 631 41.
251 585 330 633 Ad
365 596 544 634 terram
581 604 761 652 corpus
799 586 1035 653 deprime,
1072 591 1274 635 venare!

213 687 256 726 Id
289 695 375 727 est:
435 690 483 729 Si
512 688 564 728 ad
595 694 746 728 terram
777 701 928 740 corpus
959 688 1174 741 deprimis,
1216 694 1257 726 ut
1285 688 1375 726 fera
1405 693 1448 726 te
1476 700 1555 726 non

103 760 353 812 conspiciat„
385 772 435 798 ea
464 760 645 811 potieris.
705 760 920 798 Proverbii
950 759 1075 813 igitur
1104 771 1257 798 sensus
1293 765 1379 797 est:
1428 760 1485 802 Ut
1515 772 1559 797 re

102 831 288 883 potiaris)
321 830 533 882 diligentia
563 839 605 870 et
633 832 789 871 astutia
819 830 1054 870 adhibenda
1085 837 1161 869 est.

625 940 698 957 >ss
846 946 939 957 'rt

624 972 695 1057 fia
759 959 944 1063 &yffi
1031 965 1089 1020 ἢ

105 1094 181 1138 42.
252 1091 475 1138 Caeteras
511 1108 736 1156 sequere,
778 1109 806 1139 o
844 1095 1014 1138 vacca!

214 1195 279 1232 De
317 1207 380 1246 ρο,
414 1193 523 1245 quod
562 1205 629 1231 res
670 1194 739 1231 vel
780 1193 970 1231 homines
1013 1205 1116 1231 unus
1157 1194 1333 1232 alterum
1370 1193 1561 1231 celeriter

104 1271 332 1317 sequuntur
361 1270 403 1303 et
440 1270 670 1315 transeunt,
709 1264 937 1302 adhibetur.
1003 1264 1220 1303 Proverbii
1261 1264 1462 1317 originem
1501 1265 1563 1302 sic

105 1342 282 1375 narrant.
342 1335 483 1375 sterili
521 1334 701 1386 quodam
740 1347 867 1388 anno)
909 1348 988 1387 quo
1029 1335 1218 1374 homines
1247 1337 1417 1374 multum
1448 1336 1560 1375 affli-

102 1408 332 1460 gebantur,
374 1406 613 1446 Bascharus
653 1407 1037 1445 ben-Abi-Hasem
1075 1407 1270 1460 Asadita7
1311 1420 1403 1446 cum
1435 1413 1564 1459 gente

104 1490 182 1518 sua
220 1479 298 1517 iter
336 1478 513 1530 faciens,
554 1478 594 1516 in
623 1490 852 1517 vaccarum
893 1478 1149 1518 silvestrium
1191 1490 1368 1531 gregem
1406 1477 1561 1531 incidit,

105 1551 174 1602 qui
214 1550 380 1589 territas
421 1555 602 1589 montem
642 1549 851 1589 adscensu
890 1550 1122 1603 difficilem,
1170 1564 1193 1589 e
1234 1564 1316 1602 quo
1347 1564 1401 1590 ex
1431 1552 1562 1590 altero

105 1623 234 1661 latere
255 1621 537 1660 descendendi
557 1623 675 1661 locus
694 1636 775 1662 non
798 1628 901 1675 erat,
934 1629 1231 1675 occupaverat.
1260 1623 1503 1662 Bascharus
1520 1622 1561 1660 in

105 1694 256 1732 montis
295 1694 364 1733 via
401 1701 519 1733 stans
550 1707 690 1733 arcum
721 1696 893 1747 sumsitj
933 1695 1114 1747 sagittas
1144 1695 1331 1747 paravit)
1373 1701 1414 1733 et
1443 1706 1492 1733 se
1522 1694 1561 1732 in

103 1777 281 1817 gregem
320 1766 402 1804 tela
439 1766 649 1805 coniicere
687 1766 909 1805 simulavit.
971 1766 1065 1816 Qua
1103 1766 1154 1804 de
1193 1778 1324 1805 causa
1353 1778 1435 1804 una
1466 1771 1563 1817 post

105 1838 276 1876 alteram
315 1836 366 1875 de
405 1849 569 1875 summo
609 1842 751 1875 monte
782 1849 831 1875 se
870 1837 1022 1876 deiecit
1053 1842 1093 1875 et
1122 1837 1318 1876 membris
1346 1836 1491 1875 fractis
1521 1836 1561 1874 in

107 1908 214 1960 pede
253 1909 406 1947 montis
441 1909 608 1959 proruit.
666 1908 744 1947 Vir
773 1914 912 1947 autem
922 1938 934 1960 7
974 1921 1097 1960 quum
1127 1909 1345 1947 nonnullae
1375 1920 1424 1946 se
1455 1907 1561 1947 deii-

108 1991 204 2017 cere
234 1984 540 2030 cunctarentur,
572 1979 691 2030 quasi
721 1978 947 2017 cohortans
978 1980 1109 2018 verba
1140 1978 1253 2018 dixit.

109 2256 184 2302 43.
256 2257 413 2302 Mater
449 2265 616 2303 nostra
663 2271 752 2302 nos
799 2271 961 2300 errare
1012 2261 1141 2301 vetat
1189 2264 1235 2302 et
1285 2256 1334 2302 in
1393 2272 1560 2302 errore

257 2341 424 2386 currit.

219 2423 439 2461 Hominem
476 2422 606 2460 verba
643 2423 812 2473 pulchra
849 2422 1057 2474 proferre,
1098 2422 1175 2461 sed
1205 2435 1379 2474 pravam
1409 2421 1561 2476 agendi

111 2494 309 2533 rationem
341 2494 473 2547 sequi,
505 2494 768 2544 proverbium
799 2493 934 2533 docet.

640 2600 734 2619 ‘Oa
796 2593 865 2619 §axz
947 2599 964 2620 )
1005 2599 1098 2620 >0ae

463 2599 1095 2714 υὲεὼωῦαῖψὰἑυ
1190 2629 1259 2684 1³¹³

481 2713 500 2728 θ

113 2763 188 2809 44.
259 2763 462 2819 Quaeris
501 2765 752 2828 vestigium
788 2768 855 2812 rei
897 2775 1005 2829 post
1040 2783 1144 2812 rem
1180 2767 1346 2830 ipsam,
