1771 3072
789 78 841 84 „-
897 54 980 94 746
1033 77 1089 84 -..

215 181 338 220 dixit:
367 186 465 219 tune
497 180 622 233 igitur
645 178 682 216 is
713 189 778 228 es,
811 188 934 228 quem
962 175 1143 214 feminae
1171 175 1212 214 in
1240 173 1430 214 domibus
1455 174 1659 226 cupiunt?

215 253 402 303 profecto
449 248 763 303 pulchritudinis
808 248 976 299 pallium
1027 259 1052 286 a
1091 252 1134 286 te
1173 241 1381 286 auferam!
1437 247 1664 299 Imperavit

214 329 324 375 tum,
372 329 417 361 ut
459 323 548 360 eius
587 320 761 372 capillus
802 318 1055 359 tonderetur.
1123 317 1190 358 Re
1235 318 1351 357 sacta
1400 330 1523 370 quum
1569 331 1665 358 eum

215 395 592 446 contemplareturs,
633 391 757 431 dixit:
792 393 960 431 Tonsus
989 397 1035 430 tu
1064 390 1274 443 pulchrior
1304 385 1375 429 es!
1407 391 1466 429 At
1495 391 1664 430 iuvenis

214 467 336 505 dixit:
380 464 488 516 Quid
519 465 698 504 criminis
726 463 825 503 mihi
863 464 944 503 hac
987 464 1027 502 in
1067 476 1112 502 re
1154 459 1252 502 est?
1293 462 1502 503 Ohmarus
1540 462 1663 502 dixit:

213 539 350 579 Recte
388 544 430 576 tu
470 536 630 587 dixisti3
677 536 834 575 crimen
868 535 965 574 mihi
1003 540 1145 588 esset7
1189 534 1225 573 si
1260 539 1303 574 te
1330 533 1412 573 hoc
1444 535 1483 573 in
1514 533 1665 587 oppido

213 611 500 661 relinquerem.
556 609 677 648 Misit
712 608 836 661 igitur
875 620 969 646 euni
1006 608 1187 646 Bazram
1225 611 1268 646 et
1302 606 1520 658 praefecto
1550 607 1665 647 urbis

212 681 507 733 Modjaschiho
547 679 859 720 ben-Masuhd
894 677 1174 719 Alsolamitae
1221 678 1408 730 scripsit:
1457 678 1529 718 tibi
1568 679 1664 718 misi

213 762 399 807 optatum
428 755 620 793 Nazrum
649 749 988 803 ben-Hadjdjadj
1029 750 1288 790 Solamitam.
1346 750 1549 790 Feminae
1582 764 1663 790 au-

212 835 296 867 tem
335 827 608 866 Medinenses
650 839 704 864 ex
742 825 833 864 istis
875 823 1046 864 Ohmari
1085 822 1226 862 verbis
1272 822 1354 862 hoc
1397 823 1664 875 proverbium

211 901 411 939 fecerunt.
479 898 722 937 Hamsahus
767 902 907 936 autem
957 894 1087 948 dixit,
1137 895 1246 934 illam
1293 894 1487 934 feminam
1533 896 1664 935 fuisse

213 971 484 1013 All-zoraiham
528 970 654 1010 filiam
699 967 961 1022 Hammami¹
1011 972 1185 1006 matrem
1224 965 1510 1018 Alhadjdjadji
1553 968 1664 1006 ben-

210 1044 345 1086 Jusuf
376 1049 462 1082 turn
497 1043 696 1095 temporis
736 1047 906 1093 nuptam
943 1039 1246 1092 Alm'oghiraho
1289 1039 1663 1080 ben-Schahbah.

212 1119 258 1155 ln
296 1115 446 1168 oppido
483 1116 622 1154 Bazra
659 1118 798 1152 autem
839 1112 1003 1151 iuvenis
1048 1111 1098 1150 ob
1142 1109 1438 1150 vehementem
1475 1123 1662 1150 amorem

212 1191 251 1228 in
281 1201 456 1241 gravem
486 1187 675 1226 morbum
705 1184 865 1237 incidit,
888 1190 932 1224 ut
963 1183 1171 1222 diceretur
1199 1183 1486 1235 proverbium:
1519 1186 1662 1229 »ει-ἰοὶ

211 1266 366 1325 ύκᾼκρἱ
402 1289 457 1319 U‘
488 1263 840 1302 *Velicmentiore
869 1262 1012 1301 morbo
1041 1262 1262 1316 laborans,
1295 1274 1419 1314 quam
1451 1267 1660 1314 optatum<

212 1342 334 1383 Conf.
374 1342 422 1382 C,
461 1341 591 1394 vill>
632 1341 697 1379 65.
755 1339 817 1378 Ibi
856 1339 964 1377 enim
997 1338 1128 1390 optati
1158 1349 1393 1391 cognomen
1424 1345 1661 1390 acceperat.

210 1414 460 1453 Praefectus
501 1417 640 1451 autem
679 1411 790 1451 urbis
831 1412 881 1450 ob
920 1411 1213 1464 cognationem
1254 1410 1451 1449 iuvenem
1480 1411 1661 1464 benigne

211 1487 377 1538 excepit
407 1491 449 1524 et
478 1485 601 1525 uxori
638 1497 745 1524 suae
776 1484 1042 1525 Schomailae
1071 1483 1252 1522 feminae
1280 1483 1585 1538 pulclierrimae,
1616 1489 1663 1523 ut

211 1559 248 1596 ei
278 1557 543 1609 ministraret,
574 1557 751 1596 tradidit.
790 1556 968 1608 Utrique
997 1561 1135 1594 autem.
1166 1568 1309 1609 quum7
1335 1568 1430 1595 nam
1461 1556 1565 1594 alter
1594 1555 1662 1595 al-

211 1629 338 1668 terius
368 1641 511 1667 amore
551 1634 700 1680 captus
739 1634 852 1681 erat,
893 1627 1087 1679 loquendi
1124 1628 1317 1682 occasio,
1362 1627 1661 1679 Modjaschiho

212 1706 448 1752 praesente,
480 1700 667 1753 deesset)
698 1700 861 1738 iuvenis
890 1700 928 1738 in
962 1700 1054 1739 solo
1090 1701 1250 1739 litteras
1280 1698 1480 1752 depinxit,
1513 1700 1660 1752 quibus

212 1772 489 1812 conditionem
538 1772 662 1811 animi
714 1771 869 1810 femina
916 1776 1197 1824 cognosceret
1253 1776 1296 1810 et
1357 1771 1512 1810 femina
1556 1772 1658 1810 sub-

210 1846 398 1897 scripsit:
430 1846 497 1902 L559
531 1850 578 1884 et
608 1857 720 1898 ego.
776 1843 899 1894 Quod
932 1859 1055 1898 quum
1083 1847 1325 1899 praefectus
1354 1847 1532 1900 videret,
1565 1847 1660 1900 quid

209 1924 373 1962 iuvenis
404 1924 647 1973 scripsisset
677 1928 719 1962 et
749 1922 844 1974 quid
874 1923 1333 1977 ipsa'subscripsisset7
1365 1924 1560 1964 feminam
1590 1925 1659 1964 in-

210 1996 452 2047 terrogavit.
495 1995 697 2034 Feminae
723 2008 972 2047 responsum
999 2008 1121 2048 quum
1151 1997 1229 2048 ipsi
1258 2010 1342 2036 non
1372 1997 1659 2051 satisfaceret,

209 2079 381 2105 servum
411 2067 643 2117 scripturae
671 2079 848 2119 gnarum
879 2067 1119 2107 advocavit.
1169 2067 1236 2108 Re
1264 2069 1433 2121 cognita
1463 2069 1658 2110 iuvenem

211 2151 232 2177 a
265 2150 312 2177 se
343 2138 445 2177 foris
483 2138 710 2191 ablegavit.
768 2139 852 2178 Hie
894 2146 1033 2178 autem
1068 2139 1118 2178 ob
1157 2153 1391 2180 moerorem
1432 2147 1590 2182 tantum
1619 2143 1658 2182 in

212 2211 398 2249 morbum
429 2210 593 2250 incidit.
625 2216 671 2249 ut
701 2211 836 2264 aliquo
867 2218 1056 2263 tempore
1085 2219 1183 2264 post
1213 2215 1376 2264 periret.

1070 2288 1205 2315 2205

523 2296 1204 2420 [οξὲὶᾎῷᾗώωΐ
1302 2332 1360 2381 500

214 2453 316 2496 105.
389 2451 627 2495 Minorem
684 2433 942 2497 utilitatem
991 2449 1239 2509 adferens,
1293 2470 1442 2518 quam
1488 2452 1558 2500 sal
1607 2455 1653 2500 in

397 2534 539 2582 aqua.

320 2603 364 2640 ln
396 2615 490 2640 euin
524 2601 691 2653 dicitur,
735 2602 772 2640 in
813 2614 892 2653 quo
922 2603 972 2641 nil
1004 2603 1190 2642 utilitatis
1220 2609 1281 2642 est
1295 2633 1309 2657 ἵ,
1351 2604 1514 2657 quando
1545 2606 1652 2645 enini

210 2677 271 2714 sul
302 2677 339 2714 in
370 2688 517 2727 aquam
548 2675 793 2727 immittitur,
824 2675 1092 2726 dissolvitur,
1132 2681 1177 2715 ut
1205 2676 1259 2715 nil
1286 2682 1430 2716 restet.
