1771 3072
754 81 1054 121 —688-

181 203 408 243 vindictam
437 210 624 243 sumturo
653 204 706 243 ab
735 202 927 243 Ahmruo
965 204 1292 243 ben-Alsabban
1323 204 1461 243 locum
1489 206 1628 256 gentis

179 276 561 316 Banu-Alsabban
595 274 789 315 Aldsohli
829 275 1041 315 indicavit.
1099 275 1282 315 Malicus
1312 275 1629 315 ben-Caumah

179 346 221 386 in
249 347 357 386 bello
387 348 494 386 inter
522 348 638 399 ipsos
672 352 798 398 gesto
830 346 1042 386 Catsifum
1081 345 1350 386 ben-Ahmru
1378 347 1446 386 cui
1475 359 1630 386 occur-

180 424 318 471 rerat,
372 419 587 470 captivum
631 418 776 458 facere
820 418 1003 458 volebat.
1073 415 1263 457 Catsifus
1305 429 1483 469 corpore
1521 420 1632 457 tenui

179 489 394 542 praeditus
422 490 474 529 ab
504 502 612 542 equo
642 489 806 542 desiliit,
838 494 885 528 ut
914 489 1114 542 Malicus‚
1145 490 1213 541 qui
1251 501 1406 541 corpus
1437 500 1630 528 crassum

178 561 376 615 haberet,
425 563 476 602 ab
515 575 622 615 equo
664 560 924 601 descendere
955 567 1191 615 cogeretur.
1249 562 1309 600 At
1338 561 1406 600 hic
1436 561 1632 600 astutiam

180 645 475 687 cognoscens,
515 634 682 673 hastam
712 634 750 672 ei
782 634 963 672 obvertit
992 633 1160 685 dicens,
1190 639 1262 672 aut
1290 638 1334 671 te
1364 633 1462 671 mihi
1492 633 1631 684 capti-

179 720 277 746 vum
312 705 443 745 dedas
473 711 547 745 aut
575 718 656 759 ego
686 710 729 744 te
760 704 963 744 occidam.
1020 704 1184 745 Eodem
1212 706 1302 744 fere
1332 712 1520 757 tempore
1550 704 1631 744 ad-
1679 722 1681 725 ·

178 779 355 818 veniens
391 777 607 817 Ahmruus
647 777 972 816 ben-Alsabban
1009 777 1224 829 captivum
1266 777 1344 816 sibi
1382 777 1631 828 postulabat.

178 849 246 890 Re
275 849 329 888 ad
360 848 569 889 Catsifum
606 847 746 887 delata
782 854 848 901 ut,
888 849 1109 887 cuiusnam
1139 856 1260 889 esset
1289 850 1509 901 captivus,
1551 848 1631 887 de-

179 927 396 973 cerneret,
442 920 545 960 dixit
588 921 680 973 ille,
727 921 806 959 nisi
849 921 1033 959 Malicus
1074 920 1252 973 fuisset,
1309 933 1390 973 ego
1430 920 1483 961 ad
1519 934 1631 973 gen-

178 1000 263 1034 tem
302 1007 440 1033 meam
479 994 785 1046 pervenissem.
845 992 941 1043 Qua
988 993 1040 1032 de
1080 1005 1214 1033 causa
1249 993 1464 1033 Ahmruus
1501 994 1632 1033 iratus

179 1066 342 1118 alapam
379 1066 417 1104 ei
455 1065 614 1104 inflixit.
682 1064 805 1115 Quod
844 1077 973 1118 aegre
1015 1065 1155 1103 ferens
1194 1065 1378 1104 Malicus
1419 1065 1543 1104 dixit:
1586 1072 1631 1104 tu

179 1138 348 1190 captivo
394 1150 488 1176 meo
537 1137 683 1189 alapas
733 1131 904 1189 infligis!
960 1137 1145 1176 Pretium
1190 1137 1396 1176 libertatis
1438 1143 1558 1190 tuae,
1607 1148 1631 1175 ο

180 1208 344 1248 Catsife
391 1213 557 1247 centum
611 1208 759 1247 cameli
803 1207 1006 1253 fuisseut3
1056 1207 1133 1246 sed
1184 1207 1294 1260 quod
1341 1206 1553 1247 Ahmruus
1592 1209 1632 1246 in

178 1280 289 1323 facie
318 1287 360 1320 te
390 1281 626 1332 percussit,
667 1279 846 1331 pretium
886 1280 959 1318 tibi
991 1278 1110 1319 dono.
1170 1280 1361 1319 Resecta
1392 1281 1519 1332 igitur
1552 1293 1630 1319 an-

179 1354 327 1393 tiarum
374 1358 493 1404 parte
544 1365 638 1392 eum
689 1351 854 1391 dimisit.
928 1352 995 1390 Ab
1046 1352 1125 1391 isto
1170 1351 1263 1390 inde
1308 1358 1495 1403 tempore
1541 1351 1630 1391 Ca-

178 1425 301 1464 tsifus
332 1425 383 1463 ob
414 1424 579 1476 alapam
607 1423 819 1462 vindictae
845 1423 1078 1462 sumendae
1108 1424 1375 1462 occasionem
1406 1423 1630 1475 quaerebat.

178 1496 357 1536 Factum
387 1502 527 1534 autem
558 1501 639 1547 est,
671 1500 732 1548 ut,
767 1507 892 1547 quum
925 1495 1073 1533 cameli
1103 1495 1385 1547 aufugissent.
1415 1495 1632 1534 Alnnruus

180 1580 274 1607 cum
312 1567 508 1606 fratribus
552 1567 640 1606 suis
684 1567 920 1618 quaesitum
960 1566 1119 1618 exiret,
1161 1571 1202 1604 et
1242 1566 1413 1605 camelis
1448 1567 1632 1605 inventis

177 1639 333 1692 pullum
363 1644 568 1678 mactaret
598 1639 677 1677 cibi
706 1638 880 1690 parandi
916 1650 1061 1677 causa.
1123 1638 1261 1688 Quam
1292 1651 1379 1677 rem
1410 1651 1535 1690 quum
1568 1639 1632 1677 ille

179 1724 306 1765 supra
338 1713 574 1750 nominatus
607 1712 883 1750 Chautaalnis
915 1711 1080 1750 Catsifo
1112 1710 1367 1763 indicasset,
1400 1711 1469 1750 hic
1495 1711 1631 1763 dupli-

182 1796 274 1823 cem
296 1784 479 1823 virorum
510 1796 727 1822 numerum
758 1795 902 1822 secum
930 1783 1089 1822 eduxit.
1120 1788 1161 1821 ut
1185 1783 1265 1822 duo
1289 1796 1412 1822 uuum
1435 1785 1472 1822 in
1493 1784 1631 1822 medio

182 1855 396 1894 habereut.
437 1854 505 1894 Ad
525 1855 715 1894 homiues
737 1856 873 1894 cibum
897 1860 1113 1893 sumentes
1138 1856 1391 1894 transierunt
1417 1860 1457 1893 et
1476 1855 1527 1894 ab
1554 1856 1630 1893 illis

177 1927 362 1980 invitati.
394 1927 741 1979 quemadmodum
775 1928 879 1965 inter
909 1939 957 1965 se
989 1927 1305 1978 constitueraut7
1342 1927 1631 1965 consederunt.

179 1999 417 2052 Catsisum,
461 2000 527 2051 qui
572 1999 723 2038 vittam
763 2010 787 2036 a
827 1998 937 2037 facie
973 2010 1050 2036 sua
1088 1998 1368 2050 removisset,
1417 1998 1631 2037 Ahmruus

178 2072 319 2111 statim
361 2072 565 2125 coguovit
611 2077 653 2110 et
698 2071 822 2110 dixit:
867 2070 901 2109 O
946 2070 1135 2111 Catsife.
1184 2084 1318 2109 meam
1363 2083 1514 2122 genam
1561 2071 1631 2109 tibi

178 2158 252 2196 pro
291 2151 361 2184 tua
399 2144 712 2196 percutiendam
758 2145 926 2196 porrigo
975 2149 1015 2182 et
1063 2157 1143 2182 nou
1185 2150 1246 2182 est
1295 2145 1332 2182 m
1381 2150 1465 2183 tota
1504 2150 1632 2193 geute

178 2218 290 2256 Bcci·
328 2217 603 2269 l>eii-U⁷ujel
652 2230 762 2268 gena
800 2216 1067 2267 honoratior,
1110 2228 1230 2267 quam
1276 2229 1379 2255 mea.
1441 2217 1632 2254 (ausisus

179 2295 318 2328 antem
349 2290 585 2341 respoudit:
621 2290 816 2339 Minime,
856 2287 930 2326 sed
962 2294 1002 2325 te
1033 2289 1271 2340 fratresque
1303 2296 1396 2326 tuos
1430 2288 1631 2328 occidam.

179 2363 286 2400 'l'um
317 2362 554 2411 Alimruus;
588 2361 699 2413 quod
736 2361 771 2399 si
801 2374 866 2399 me
899 2361 1118 2399 occisurus
1150 2373 1217 2400 es.
1262 2361 1336 2399 lios
1374 2360 1631 2399 adoloscen-

180 2441 269 2487 tcs,
321 2434 388 2487 qui
435 2446 484 2472 se
528 2434 697 2485 procliis
737 2446 816 2471 nou
866 2433 1205 2485 immiscuerunt.
1251 2433 1401 2471 liberos
1451 2429 1630 2472 dimitte!

179 2508 334 2547 Eorum
386 2505 558 2545 caedem
608 2505 772 2558 quidam
822 2505 958 2557 magis
1005 2506 1256 2556 ulciscetur,
1310 2519 1431 2557 quam
1483 2519 1631 2544 meam.

182 2579 373 2618 Catsisus
403 2584 541 2618 autem
573 2591 718 2617 onmes
750 2577 898 2617 occidit
932 2585 973 2616 et
996 2578 1231 2617 occisorum
1264 2578 1401 2628 capita
1433 2578 1470 2616 iu
1501 2590 1631 2617 sacco

183 2652 320 2704 posita
359 2651 412 2690 ad
451 2651 653 2689 camelam
694 2649 912 2701 appendit,
953 2651 1018 2687 cui
1060 2662 1208 2688 nomen
1239 2649 1501 2687 Al-l)oliuim
1531 2657 1630 2689 crat.

184 2724 355 2764 (famela
396 2725 472 2763 ista
518 2722 688 2761 dimissa
739 2722 788 2761 ad
833 2722 1113 2761 Alsabbanum
1155 2730 1249 2760 ante
1291 2730 1449 2772 portam
1484 2721 1629 2761 doinus
