1771 3072
490 274 546 334 [ὃ
618 278 817 357 &mas
873 275 960 343 [497
1054 301 1110 337 σε)

39 405 118 452 55.
185 406 295 452 Duo
333 405 402 452 illi
437 390 615 453 similes
648 415 763 453 sunt
798 407 936 471 equis
972 404 1169 453 duobus
1206 405 1496 452 certamini&

148 484 268 524 Duos
306 485 493 525 homines
534 485 761 540 significat,
805 487 874 538 qui
914 485 1091 537 viribus,
1118 491 1162 524 ut
1191 483 1383 535 videtur,
1415 494 1494 521 ae-

39 557 186 607 quales
240 570 365 597 unum
424 556 688 609 eundemque
742 557 866 597 finem
919 557 1091 610 assequi
1134 556 1318 596 student.
1373 556 1496 594 Haec

37 632 179 666 autem
208 628 439 679 aequalitas
468 629 507 667 in
535 628 664 680 initio,
693 642 775 668 non
804 629 844 667 in
873 628 933 667 rei
963 629 1046 667 fine
1076 627 1344 680 conspicitur.
1380 625 1492 666 conf.

40 697 163 736 Kam.
194 710 229 737 8.
259 706 353 764 ωὛὲ

520 785 609 804 aeOu)
661 782 811 802 “0'ae
872 783 927 802 a,

405 805 572 895 53:455
607 808 803 896 &4535
852 805 938 872 [49
1034 817 1085 867 0⁹!

35 933 114 979 56.
181 933 219 979 Ii
257 943 310 981 ut
346 934 447 983 duo
484 937 656 983 cameli
693 954 851 1000 genua
888 946 1015 983 sunt.

137 1010 253 1051 Dixit
279 1013 639 1069 Ebn-Alcalbius,
669 1015 887 1054 Harimum
918 1013 1226 1053 ben-Kotlibah
1251 1010 1489 1052 Fesaritam

33 1082 255 1132 proverbio
284 1083 365 1124 isto
395 1086 433 1124 in
474 1085 785 1125 Ahlkamahum
817 1085 1157 1125 ben-Ohlatsah
1193 1089 1234 1123 et
1272 1082 1489 1122 Ahmirum

32 1152 358 1209 ben-Altliofail,
390 1157 460 1209 qui
490 1156 542 1196 ad
573 1170 668 1197 eum
699 1156 751 1196 de
780 1156 915 1209 gloria
954 1162 996 1196 et
1025 1156 1182 1195 honore
1215 1152 1493 1206 disceptaturi

31 1227 272 1276 venissent,
303 1239 424 1266 usum
456 1239 580 1279 esse,
612 1234 656 1267 ut
685 1227 962 1280 significaret,
992 1239 1067 1266 eos
1098 1227 1235 1279 gloria
1265 1231 1308 1264 et
1335 1225 1492 1264 honore

30 1297 137 1336 inter
178 1310 226 1337 se
261 1299 458 1350 aequales
488 1309 610 1350 esse,
651 1298 803 1350 quippe
834 1310 961 1350 quum
992 1297 1141 1336 cameli
1171 1309 1313 1348 genua
1342 1294 1491 1334 eodem

30 1373 218 1420 tempore
247 1368 287 1406 in
317 1374 470 1407 terram
501 1368 709 1407 decidant.
768 1368 910 1418 Quum
953 1367 1021 1406 isti
1060 1367 1140 1406 duo
1170 1366 1248 1406 viri
1279 1365 1490 1417 discepta-

30 1441 112 1482 turi
141 1440 194 1480 ad
224 1452 319 1478 eum
350 1452 532 1491 vespera
561 1439 797 1491 venissent,
841 1439 1068 1491 quemlibet
1098 1438 1276 1477 seorsim
1306 1439 1489 1475 interro-

29 1512 174 1564 gavit,
219 1523 427 1564 quaenam
463 1509 660 1549 veniendi
687 1522 819 1549 causa
852 1514 993 1563 esset,
1035 1514 1078 1548 et
1111 1520 1238 1560 quum
1268 1512 1490 1558 utrumque

31 1587 76 1621 ut
104 1581 156 1621 de
186 1582 343 1621 honore
374 1594 468 1621 cum
508 1581 626 1621 socio
672 1581 952 1634 disceptaret,
994 1580 1168 1620 venisse
1198 1578 1378 1630 audiret,
1409 1576 1489 1616 sibi

28 1654 238 1706 ingratum
270 1659 483 1693 certamen
524 1653 758 1692 evitaturus
798 1658 840 1692 et
878 1653 947 1692 uni
986 1657 1028 1691 et
1057 1651 1177 1690 alteri
1205 1649 1338 1702 dixit7
1369 1649 1488 1688 socio

29 1725 251 1764 victoriam
299 1724 618 1764 adiudicandam
672 1736 796 1777 esse7
847 1725 882 1763 si
929 1724 969 1762 in
1025 1730 1240 1763 certamen
1286 1721 1491 1760 venisset.

29 1796 138 1835 conf.
171 1795 219 1835 C.
250 1795 328 1844 Vl,
362 1795 450 1834 172.
482 1795 601 1845 Quae
620 1801 762 1834 autem
783 1807 851 1834 res
871 1795 910 1834 in
931 1806 1066 1834 causa
1086 1800 1188 1842 erat,
1208 1805 1280 1832 cm·
1309 1798 1352 1831 et
1380 1803 1489 1831 unus

30 1874 72 1906 et
101 1867 206 1906 alter
239 1879 264 1905 a
294 1867 521 1905 certamine
551 1866 792 1905 absisteret.
829 1865 966 1915 Quum
995 1878 1098 1904 vero
1129 1870 1256 1917 poeta
1271 1862 1488 1903 Alahscha

29 1939 195 1991 utrique
224 1938 264 1976 in
294 1938 440 1976 itinere
471 1949 697 1976 occurrens
728 1936 780 1975 de
811 1937 968 1976 itineris
1006 1948 1138 1976 causa
1167 1936 1319 1975 certior
1347 1935 1488 1974 factus

28 2015 166 2062 esset,
214 2008 385 2048 Ahmiro
424 2007 550 2047 dixit:
591 2006 701 2057 Quid
737 2007 835 2047 mihi
863 2006 971 2046 dono
1003 2005 1107 2059 das,
1139 2007 1176 2045 si
1214 2005 1412 2054 effecero,
1441 2010 1488 2045 ut

27 2081 160 2134 gloria
197 2079 508 2119 Alilkamahum
556 2075 745 2117 vincas?
796 2078 997 2118 Alimirus
1027 2076 1260 2129 respondit:
1303 2076 1485 2116 Centum

28 2152 214 2191 camelos
245 2150 317 2188 tibi
346 2143 420 2188 do!
453 2153 495 2187 et
525 2161 648 2200 quum
680 2148 896 2187 Alallscha
926 2148 1252 2200 interrogasset,
1283 2159 1378 2186 num
1408 2147 1487 2199 ipsi

33 2220 513 2262 contraArabestutelae
525 2219 688 2257 futurus
707 2216 861 2258 esset?
886 2217 1215 2270 alterrespondit
1232 2232 1310 2273 τα.
1343 2216 1487 2280 2635,ss

27 2297 154 2362 &539
205 2295 342 2340 numdi
377 2296 454 2349 &⁵9³5
500 2295 704 2333 „Tutelae
747 2294 819 2333 tibi
859 2306 951 2334 sum
984 2299 1131 2334 contra
1169 2299 1339 2346 gentem
1379 2292 1491 2332 coeli

29 2367 274 2425 terraeque!
306 2372 506 2412 Ahmirus
549 2372 850 2425 interrogatus,
885 2371 979 2423 quid
1009 2370 1152 2410 verbis
1182 2381 1317 2424 gens
1347 2369 1487 2409 coeli

30 2445 173 2493 vellet,
204 2441 440 2495 respondit:
473 2442 595 2492 Quod
617 2443 653 2481 si
674 2454 782 2481 unus
799 2456 822 2480 e
844 2442 1016 2481 liliorum
1037 2447 1107 2480 aut
1123 2454 1297 2481 uxorum
1315 2451 1487 2478 numero

29 2525 218 2556 mortuus
259 2515 405 2567 suerit,
446 2515 590 2553 mortis
636 2514 810 2565 pretium
858 2513 964 2552 dabo
1003 2520 1045 2552 et
1082 2513 1118 2552 si
1147 2513 1372 2551 iumentum
1418 2510 1489 2549 tibi

30 2587 212 2638 perierit,
231 2588 323 2625 loco
355 2585 447 2623 eius
478 2585 651 2624 alterum
681 2585 789 2624 dono
813 2584 883 2624 tibi
906 2584 1029 2625 dabo.
1060 2583 1180 2634 Quod
1207 2595 1332 2634 quum
1351 2581 1486 2620 Alah-

29 2658 135 2697 seha
173 2662 338 2709 gratum
382 2657 579 2707 haberet,
621 2656 838 2697 Alimirum
882 2655 1069 2696 laudavit
1106 2660 1147 2693 et
1177 2653 1484 2693 Ahlkamahum

35 2735 181 2782 satyra
212 2728 453 2780 perstrinxit
484 2727 653 2767 dicens:
