<?xml version="1.0" encoding="UTF-8"?>
<!DOCTYPE html PUBLIC "-//W3C//DTD XHTML 1.0 Transitional//EN"
    "http://www.w3.org/TR/xhtml1/DTD/xhtml1-transitional.dtd">
<html xmlns="http://www.w3.org/1999/xhtml" xml:lang="en" lang="en">
 <head>
  <title>
</title>
<meta http-equiv="Content-Type" content="text/html;charset=utf-8" />
  <meta name='ocr-system' content='tesseract 3.04.00' />
  <meta name='ocr-capabilities' content='ocr_page ocr_carea ocr_par ocr_line ocrx_word'/>
</head>
<body>
  <div class='ocr_page' id='page_1' title='image "./arabumproverbiav01freyuoft/arabumproverbiav01freyuoft_0016.png"; bbox 0 0 1813 3039; ppageno 0'>
   <div class='ocr_carea' id='block_1_1' title="bbox 272 251 1742 2444">
    <p class='ocr_par' dir='ltr' id='par_1_1' title="bbox 272 251 1742 2444">
     <span class='ocr_line' id='line_1_1' title="bbox 281 251 1742 308; baseline -0.001 -14"><span class='ocrx_word' id='word_1_1' title='bbox 281 268 350 295; x_wconf 91' lang='lat' dir='ltr'>me</span> <span class='ocrx_word' id='word_1_2' title='bbox 386 254 544 295; x_wconf 89' lang='lat' dir='ltr'>hortari</span> <span class='ocrx_word' id='word_1_3' title='bbox 579 254 678 294; x_wconf 84' lang='lat' dir='ltr'>visa</span> <span class='ocrx_word' id='word_1_4' title='bbox 713 260 793 294; x_wconf 86' lang='lat' dir='ltr'>est.</span> <span class='ocrx_word' id='word_1_5' title='bbox 851 255 1034 294; x_wconf 86' lang='lat' dir='ltr'>Primum</span> <span class='ocrx_word' id='word_1_6' title='bbox 1081 255 1207 308; x_wconf 82' lang='lat' dir='ltr'>igitur</span> <span class='ocrx_word' id='word_1_7' title='bbox 1240 259 1373 293; x_wconf 87' lang='lat' dir='ltr'>totum</span> <span class='ocrx_word' id='word_1_8' title='bbox 1402 251 1605 293; x_wconf 87' lang='lat' dir='ltr'>Meidanii</span> <span class='ocrx_word' id='word_1_9' title='bbox 1635 265 1742 305; x_wconf 87' lang='lat' dir='ltr'>opus</span> 
     </span>
     <span class='ocr_line' id='line_1_2' title="bbox 282 342 1742 397; baseline -0.001 -13"><span class='ocrx_word' id='word_1_10' title='bbox 282 357 378 384; x_wconf 87' lang='lat' dir='ltr'>cum</span> <span class='ocrx_word' id='word_1_11' title='bbox 425 344 596 384; x_wconf 81' lang='lat' dir='ltr'><strong>scholiis</strong></span> <span class='ocrx_word' id='word_1_12' title='bbox 648 344 846 397; x_wconf 68' lang='lat' dir='ltr'>integris,</span> <span class='ocrx_word' id='word_1_13' title='bbox 898 344 1025 383; x_wconf 77' lang='lat' dir='ltr'>latina</span> <span class='ocrx_word' id='word_1_14' title='bbox 1063 344 1260 383; x_wconf 85' lang='lat' dir='ltr'>versione</span> <span class='ocrx_word' id='word_1_15' title='bbox 1310 350 1354 382; x_wconf 83' lang='lat' dir='ltr'>et</span> <span class='ocrx_word' id='word_1_16' title='bbox 1403 342 1742 382; x_wconf 83' lang='lat' dir='ltr'>adnotationibus</span> 
     </span>
     <span class='ocr_line' id='line_1_3' title="bbox 281 431 1740 484; baseline -0.001 -13"><span class='ocrx_word' id='word_1_17' title='bbox 281 432 408 471; x_wconf 86' lang='lat' dir='ltr'>edere</span> <span class='ocrx_word' id='word_1_18' title='bbox 446 433 485 471; x_wconf 90' lang='lat' dir='ltr'>in</span> <span class='ocrx_word' id='word_1_19' title='bbox 522 434 659 471; x_wconf 88' lang='lat' dir='ltr'>animo</span> <span class='ocrx_word' id='word_1_20' title='bbox 699 432 798 471; x_wconf 88' lang='lat' dir='ltr'>mihi</span> <span class='ocrx_word' id='word_1_21' title='bbox 835 438 950 484; x_wconf 64' lang='lat' dir='ltr'>erat,</span> <span class='ocrx_word' id='word_1_22' title='bbox 992 433 1098 472; x_wconf 79' lang='lat' dir='ltr'>(luas</span> <span class='ocrx_word' id='word_1_23' title='bbox 1142 438 1226 470; x_wconf 83' lang='lat' dir='ltr'>tum</span> <span class='ocrx_word' id='word_1_24' title='bbox 1263 431 1303 470; x_wconf 83' lang='lat' dir='ltr'>in</span> <span class='ocrx_word' id='word_1_25' title='bbox 1343 443 1472 483; x_wconf 85' lang='lat' dir='ltr'>opere</span> <span class='ocrx_word' id='word_1_26' title='bbox 1501 431 1740 471; x_wconf 76' lang='lat' dir='ltr'>accuratius</span> 
     </span>
     <span class='ocr_line' id='line_1_4' title="bbox 279 518 1740 572; baseline -0.002 -11"><span class='ocrx_word' id='word_1_27' title='bbox 279 522 519 561; x_wconf 83' lang='lat' dir='ltr'>examinato</span> <span class='ocrx_word' id='word_1_28' title='bbox 549 521 819 572; x_wconf 86' lang='lat' dir='ltr'>potissimum</span> <span class='ocrx_word' id='word_1_29' title='bbox 849 532 1003 560; x_wconf 81' lang='lat' dir='ltr'>causas</span> <span class='ocrx_word' id='word_1_30' title='bbox 1034 520 1244 570; x_wconf 78' lang='lat' dir='ltr'>videbam,</span> <span class='ocrx_word' id='word_1_31' title='bbox 1268 531 1342 557; x_wconf 88' lang='lat' dir='ltr'>cur</span> <span class='ocrx_word' id='word_1_32' title='bbox 1371 519 1422 558; x_wconf 90' lang='lat' dir='ltr'>ab</span> <span class='ocrx_word' id='word_1_33' title='bbox 1452 518 1535 559; x_wconf 89' lang='lat' dir='ltr'>isto</span> <span class='ocrx_word' id='word_1_34' title='bbox 1566 519 1740 559; x_wconf 88' lang='lat' dir='ltr'>consilio</span> 
     </span>
     <span class='ocr_line' id='line_1_5' title="bbox 279 609 1741 662; baseline 0 -13"><span class='ocrx_word' id='word_1_35' title='bbox 279 609 540 649; x_wconf 79' lang='lat' dir='ltr'>desisterem.</span> <span class='ocrx_word' id='word_1_36' title='bbox 608 609 704 649; x_wconf 86' lang='lat' dir='ltr'>Una</span> <span class='ocrx_word' id='word_1_37' title='bbox 742 615 831 649; x_wconf 89' lang='lat' dir='ltr'>erat</span> <span class='ocrx_word' id='word_1_38' title='bbox 867 610 1008 661; x_wconf 89' lang='lat' dir='ltr'>operis</span> <span class='ocrx_word' id='word_1_39' title='bbox 1049 621 1204 661; x_wconf 79' lang='lat' dir='ltr'>magna</span> <span class='ocrx_word' id='word_1_40' title='bbox 1244 610 1400 662; x_wconf 64' lang='lat' dir='ltr'>moles.</span> <span class='ocrx_word' id='word_1_41' title='bbox 1442 620 1526 660; x_wconf 90' lang='lat' dir='ltr'>qua</span> <span class='ocrx_word' id='word_1_42' title='bbox 1566 609 1741 649; x_wconf 88' lang='lat' dir='ltr'>multum</span> 
     </span>
     <span class='ocr_line' id='line_1_6' title="bbox 278 698 1740 740; baseline -0.001 -1"><span class='ocrx_word' id='word_1_43' title='bbox 278 705 501 740; x_wconf 84' lang='lat' dir='ltr'>crescente</span> <span class='ocrx_word' id='word_1_44' title='bbox 536 700 587 739; x_wconf 95' lang='lat' dir='ltr'>ob</span> <span class='ocrx_word' id='word_1_45' title='bbox 627 699 896 739; x_wconf 86' lang='lat' dir='ltr'>necessarias</span> <span class='ocrx_word' id='word_1_46' title='bbox 927 705 1014 739; x_wconf 89' lang='lat' dir='ltr'>tum</span> <span class='ocrx_word' id='word_1_47' title='bbox 1046 699 1212 738; x_wconf 90' lang='lat' dir='ltr'>criticas</span> <span class='ocrx_word' id='word_1_48' title='bbox 1244 704 1328 737; x_wconf 91' lang='lat' dir='ltr'>tum</span> <span class='ocrx_word' id='word_1_49' title='bbox 1358 698 1461 737; x_wconf 86' lang='lat' dir='ltr'>alias</span> <span class='ocrx_word' id='word_1_50' title='bbox 1498 698 1740 739; x_wconf 88' lang='lat' dir='ltr'>adnotatio-</span> 
     </span>
     <span class='ocr_line' id='line_1_7' title="bbox 278 785 1739 840; baseline 0 -13"><span class='ocrx_word' id='word_1_51' title='bbox 278 801 356 828; x_wconf 91' lang='lat' dir='ltr'>nes</span> <span class='ocrx_word' id='word_1_52' title='bbox 391 787 715 840; x_wconf 89' lang='lat' dir='ltr'>versionemque</span> <span class='ocrx_word' id='word_1_53' title='bbox 751 787 840 827; x_wconf 87' lang='lat' dir='ltr'>libri</span> <span class='ocrx_word' id='word_1_54' title='bbox 877 788 1056 840; x_wconf 88' lang='lat' dir='ltr'>pretium</span> <span class='ocrx_word' id='word_1_55' title='bbox 1094 787 1151 825; x_wconf 88' lang='lat' dir='ltr'>ita</span> <span class='ocrx_word' id='word_1_56' title='bbox 1190 785 1430 839; x_wconf 80' lang='lat' dir='ltr'>augendum</span> <span class='ocrx_word' id='word_1_57' title='bbox 1468 785 1650 839; x_wconf 76' lang='lat' dir='ltr'>fuisset,</span> <span class='ocrx_word' id='word_1_58' title='bbox 1692 794 1739 827; x_wconf 86' lang='lat' dir='ltr'>ut</span> 
     </span>
     <span class='ocr_line' id='line_1_8' title="bbox 277 873 1737 929; baseline -0.001 -13"><span class='ocrx_word' id='word_1_59' title='bbox 277 877 425 928; x_wconf 89' lang='lat' dir='ltr'>paucis</span> <span class='ocrx_word' id='word_1_60' title='bbox 453 882 614 916; x_wconf 84' lang='lat' dir='ltr'>tantum</span> <span class='ocrx_word' id='word_1_61' title='bbox 644 876 733 915; x_wconf 87' lang='lat' dir='ltr'>libri</span> <span class='ocrx_word' id='word_1_62' title='bbox 762 875 928 915; x_wconf 86' lang='lat' dir='ltr'>emendi</span> <span class='ocrx_word' id='word_1_63' title='bbox 959 881 999 914; x_wconf 91' lang='lat' dir='ltr'>et</span> <span class='ocrx_word' id='word_1_64' title='bbox 1037 873 1176 914; x_wconf 88' lang='lat' dir='ltr'>utendi</span> <span class='ocrx_word' id='word_1_65' title='bbox 1216 875 1338 925; x_wconf 90' lang='lat' dir='ltr'>copia</span> <span class='ocrx_word' id='word_1_66' title='bbox 1375 874 1630 929; x_wconf 73' lang='lat' dir='ltr'>mansisset,</span> <span class='ocrx_word' id='word_1_67' title='bbox 1671 877 1737 914; x_wconf 88' lang='lat' dir='ltr'>al-</span> 
     </span>
     <span class='ocr_line' id='line_1_9' title="bbox 277 961 1735 1021; baseline 0 -17"><span class='ocrx_word' id='word_1_68' title='bbox 277 973 369 1005; x_wconf 88' lang='lat' dir='ltr'>tera</span> <span class='ocrx_word' id='word_1_69' title='bbox 406 965 447 1004; x_wconf 92' lang='lat' dir='ltr'>in</span> <span class='ocrx_word' id='word_1_70' title='bbox 487 978 537 1004; x_wconf 88' lang='lat' dir='ltr'>eo</span> <span class='ocrx_word' id='word_1_71' title='bbox 577 964 744 1017; x_wconf 73' lang='lat' dir='ltr'>posita7</span> <span class='ocrx_word' id='word_1_72' title='bbox 796 963 906 1016; x_wconf 91' lang='lat' dir='ltr'>quod</span> <span class='ocrx_word' id='word_1_73' title='bbox 949 964 989 1002; x_wconf 90' lang='lat' dir='ltr'>in</span> <span class='ocrx_word' id='word_1_74' title='bbox 1027 963 1199 1021; x_wconf 87' lang='lat' dir='ltr'>scholiis</span> <span class='ocrx_word' id='word_1_75' title='bbox 1238 961 1440 1002; x_wconf 82' lang='lat' dir='ltr'>Meidanii</span> <span class='ocrx_word' id='word_1_76' title='bbox 1477 965 1630 1004; x_wconf 90' lang='lat' dir='ltr'>multas</span> <span class='ocrx_word' id='word_1_77' title='bbox 1664 977 1735 1004; x_wconf 86' lang='lat' dir='ltr'>res</span> 
     </span>
     <span class='ocr_line' id='line_1_10' title="bbox 276 1053 1734 1108; baseline 0.001 -16"><span class='ocrx_word' id='word_1_78' title='bbox 276 1053 507 1093; x_wconf 84' lang='lat' dir='ltr'>invenirem</span> <span class='ocrx_word' id='word_1_79' title='bbox 516 1082 532 1108; x_wconf 65' lang='lat'><em>9</em></span> <span class='ocrx_word' id='word_1_80' title='bbox 576 1066 683 1105; x_wconf 82' lang='lat' dir='ltr'>quae</span> <span class='ocrx_word' id='word_1_81' title='bbox 719 1053 862 1092; x_wconf 89' lang='lat' dir='ltr'>maiori</span> <span class='ocrx_word' id='word_1_82' title='bbox 903 1054 1128 1103; x_wconf 75' lang='lat' dir='ltr'>legentium</span> <span class='ocrx_word' id='word_1_83' title='bbox 1170 1053 1276 1103; x_wconf 75' lang='lat' dir='ltr'>parti</span> <span class='ocrx_word' id='word_1_84' title='bbox 1314 1059 1387 1091; x_wconf 78' lang='lat' dir='ltr'>aut</span> <span class='ocrx_word' id='word_1_85' title='bbox 1425 1065 1572 1104; x_wconf 91' lang='lat' dir='ltr'>parum</span> <span class='ocrx_word' id='word_1_86' title='bbox 1613 1054 1734 1094; x_wconf 82' lang='lat' dir='ltr'>utiles</span> 
     </span>
     <span class='ocr_line' id='line_1_11' title="bbox 276 1141 1736 1196; baseline 0 -14"><span class='ocrx_word' id='word_1_87' title='bbox 276 1148 349 1183; x_wconf 88' lang='lat' dir='ltr'>aut</span> <span class='ocrx_word' id='word_1_88' title='bbox 377 1154 554 1196; x_wconf 84' lang='lat' dir='ltr'>prorsus</span> <span class='ocrx_word' id='word_1_89' title='bbox 596 1142 762 1182; x_wconf 87' lang='lat' dir='ltr'>inutiles</span> <span class='ocrx_word' id='word_1_90' title='bbox 798 1142 930 1181; x_wconf 86' lang='lat' dir='ltr'>omitti</span> <span class='ocrx_word' id='word_1_91' title='bbox 956 1148 1026 1181; x_wconf 89' lang='lat' dir='ltr'>aut</span> <span class='ocrx_word' id='word_1_92' title='bbox 1062 1142 1235 1182; x_wconf 80' lang='lat' dir='ltr'>brevius</span> <span class='ocrx_word' id='word_1_93' title='bbox 1276 1141 1357 1181; x_wconf 91' lang='lat' dir='ltr'>dici</span> <span class='ocrx_word' id='word_1_94' title='bbox 1390 1148 1578 1195; x_wconf 78' lang='lat' dir='ltr'>possent.</span> <span class='ocrx_word' id='word_1_95' title='bbox 1638 1142 1736 1194; x_wconf 82' lang='lat' dir='ltr'>Qua</span> 
     </span>
     <span class='ocr_line' id='line_1_12' title="bbox 275 1230 1735 1285; baseline 0.001 -15"><span class='ocrx_word' id='word_1_96' title='bbox 275 1231 317 1270; x_wconf 91' lang='lat' dir='ltr'>in</span> <span class='ocrx_word' id='word_1_97' title='bbox 355 1245 400 1270; x_wconf 89' lang='lat' dir='ltr'>re</span> <span class='ocrx_word' id='word_1_98' title='bbox 438 1231 553 1285; x_wconf 74' lang='lat' dir='ltr'>fore,</span> <span class='ocrx_word' id='word_1_99' title='bbox 596 1237 642 1270; x_wconf 86' lang='lat' dir='ltr'>ut</span> <span class='ocrx_word' id='word_1_100' title='bbox 678 1232 862 1283; x_wconf 85' lang='lat' dir='ltr'>pluribus</span> <span class='ocrx_word' id='word_1_101' title='bbox 872 1260 887 1284; x_wconf 67' lang='lat'><em>7</em></span> <span class='ocrx_word' id='word_1_102' title='bbox 919 1238 1019 1269; x_wconf 87' lang='lat' dir='ltr'>sunt</span> <span class='ocrx_word' id='word_1_103' title='bbox 1049 1231 1178 1284; x_wconf 66' lang='lat' dir='ltr'>enim7</span> <span class='ocrx_word' id='word_1_104' title='bbox 1220 1230 1289 1283; x_wconf 89' lang='lat' dir='ltr'>qui</span> <span class='ocrx_word' id='word_1_105' title='bbox 1320 1231 1456 1270; x_wconf 90' lang='lat' dir='ltr'>omnia</span> <span class='ocrx_word' id='word_1_106' title='bbox 1487 1236 1529 1270; x_wconf 91' lang='lat' dir='ltr'>et</span> <span class='ocrx_word' id='word_1_107' title='bbox 1557 1243 1735 1283; x_wconf 88' lang='lat' dir='ltr'>prorsus</span> 
     </span>
     <span class='ocr_line' id='line_1_13' title="bbox 274 1319 1730 1375; baseline -0.001 -15"><span class='ocrx_word' id='word_1_108' title='bbox 274 1321 435 1360; x_wconf 84' lang='lat' dir='ltr'>inutilia</span> <span class='ocrx_word' id='word_1_109' title='bbox 463 1319 628 1360; x_wconf 87' lang='lat' dir='ltr'>edenda</span> <span class='ocrx_word' id='word_1_110' title='bbox 659 1326 804 1371; x_wconf 80' lang='lat' dir='ltr'>putent</span> <span class='ocrx_word' id='word_1_111' title='bbox 833 1320 1085 1359; x_wconf 79' lang='lat' dir='ltr'>scholiorum</span> <span class='ocrx_word' id='word_1_112' title='bbox 1116 1322 1262 1375; x_wconf 48' lang='lat' dir='ltr'>verba:</span> <span class='ocrx_word' id='word_1_113' title='bbox 1293 1321 1506 1372; x_wconf 85' lang='lat' dir='ltr'>placerem</span> <span class='ocrx_word' id='word_1_114' title='bbox 1535 1331 1730 1374; x_wconf 75' lang='lat' dir='ltr'>speranS,</span> 
     </span>
     <span class='ocr_line' id='line_1_14' title="bbox 273 1409 1731 1463; baseline -0.002 -11"><span class='ocrx_word' id='word_1_115' title='bbox 273 1410 530 1452; x_wconf 87' lang='lat' dir='ltr'>scholiorum</span> <span class='ocrx_word' id='word_1_116' title='bbox 561 1409 767 1449; x_wconf 85' lang='lat' dir='ltr'>delectum</span> <span class='ocrx_word' id='word_1_117' title='bbox 796 1409 1029 1449; x_wconf 87' lang='lat' dir='ltr'>habendum</span> <span class='ocrx_word' id='word_1_118' title='bbox 1065 1422 1163 1449; x_wconf 91' lang='lat' dir='ltr'>esse</span> <span class='ocrx_word' id='word_1_119' title='bbox 1192 1411 1338 1463; x_wconf 82' lang='lat' dir='ltr'>putavi</span> <span class='ocrx_word' id='word_1_120' title='bbox 1367 1410 1445 1458; x_wconf 84' lang='lat' dir='ltr'>ita,</span> <span class='ocrx_word' id='word_1_121' title='bbox 1478 1415 1522 1449; x_wconf 88' lang='lat' dir='ltr'>ut</span> <span class='ocrx_word' id='word_1_122' title='bbox 1553 1409 1731 1449; x_wconf 81' lang='lat' dir='ltr'>utilitate</span> 
     </span>
     <span class='ocr_line' id='line_1_15' title="bbox 272 1501 1731 1552; baseline 0.001 -12"><span class='ocrx_word' id='word_1_123' title='bbox 272 1502 361 1541; x_wconf 88' lang='lat' dir='ltr'>libri</span> <span class='ocrx_word' id='word_1_124' title='bbox 396 1501 508 1543; x_wconf 82' lang='lat' dir='ltr'>haud</span> <span class='ocrx_word' id='word_1_125' title='bbox 547 1502 761 1541; x_wconf 86' lang='lat' dir='ltr'>imminuta</span> <span class='ocrx_word' id='word_1_126' title='bbox 805 1508 937 1540; x_wconf 82' lang='lat' dir='ltr'>totum</span> <span class='ocrx_word' id='word_1_127' title='bbox 981 1513 1083 1552; x_wconf 86' lang='lat' dir='ltr'>opus</span> <span class='ocrx_word' id='word_1_128' title='bbox 1120 1507 1162 1540; x_wconf 86' lang='lat' dir='ltr'>et</span> <span class='ocrx_word' id='word_1_129' title='bbox 1190 1501 1357 1541; x_wconf 90' lang='lat' dir='ltr'>facilius</span> <span class='ocrx_word' id='word_1_130' title='bbox 1386 1501 1502 1540; x_wconf 88' lang='lat' dir='ltr'>lectu</span> <span class='ocrx_word' id='word_1_131' title='bbox 1531 1501 1731 1541; x_wconf 85' lang='lat' dir='ltr'>maiorem</span> 
     </span>
     <span class='ocr_line' id='line_1_16' title="bbox 272 1590 1732 1646; baseline -0.003 -14"><span class='ocrx_word' id='word_1_132' title='bbox 272 1593 511 1646; x_wconf 84' lang='lat' dir='ltr'>legentibus</span> <span class='ocrx_word' id='word_1_133' title='bbox 552 1593 814 1645; x_wconf 80' lang='lat' dir='ltr'>voluptatem</span> <span class='ocrx_word' id='word_1_134' title='bbox 856 1597 1024 1644; x_wconf 82' lang='lat' dir='ltr'>pararet</span> <span class='ocrx_word' id='word_1_135' title='bbox 1082 1598 1124 1631; x_wconf 91' lang='lat' dir='ltr'>et</span> <span class='ocrx_word' id='word_1_136' title='bbox 1172 1593 1330 1631; x_wconf 85' lang='lat' dir='ltr'>minore</span> <span class='ocrx_word' id='word_1_137' title='bbox 1380 1593 1513 1645; x_wconf 89' lang='lat' dir='ltr'>pretio</span> <span class='ocrx_word' id='word_1_138' title='bbox 1560 1590 1732 1631; x_wconf 89' lang='lat' dir='ltr'>emturis</span> 
     </span>
     <span class='ocr_line' id='line_1_17' title="bbox 273 1680 1731 1735; baseline -0.001 -14"><span class='ocrx_word' id='word_1_139' title='bbox 273 1682 603 1735; x_wconf 86' lang='lat' dir='ltr'>comparandum</span> <span class='ocrx_word' id='word_1_140' title='bbox 635 1687 765 1721; x_wconf 88' lang='lat' dir='ltr'>esset.</span> <span class='ocrx_word' id='word_1_141' title='bbox 824 1681 946 1733; x_wconf 78' lang='lat' dir='ltr'>Elegi</span> <span class='ocrx_word' id='word_1_142' title='bbox 980 1681 1106 1733; x_wconf 80' lang='lat' dir='ltr'>igitur</span> <span class='ocrx_word' id='word_1_143' title='bbox 1137 1694 1190 1720; x_wconf 81' lang='lat' dir='ltr'>ex</span> <span class='ocrx_word' id='word_1_144' title='bbox 1219 1681 1421 1721; x_wconf 87' lang='lat' dir='ltr'>Meidanii</span> <span class='ocrx_word' id='word_1_145' title='bbox 1451 1680 1624 1720; x_wconf 89' lang='lat' dir='ltr'>scholiis</span> <span class='ocrx_word' id='word_1_146' title='bbox 1655 1692 1731 1719; x_wconf 86' lang='lat' dir='ltr'>eas</span> 
     </span>
     <span class='ocr_line' id='line_1_18' title="bbox 272 1769 1732 1824; baseline -0.003 -13"><span class='ocrx_word' id='word_1_147' title='bbox 272 1772 534 1824; x_wconf 82' lang='lat' dir='ltr'>potissimum</span> <span class='ocrx_word' id='word_1_148' title='bbox 563 1784 651 1824; x_wconf 81' lang='lat' dir='ltr'>res.</span> <span class='ocrx_word' id='word_1_149' title='bbox 684 1784 793 1823; x_wconf 88' lang='lat' dir='ltr'>quae</span> <span class='ocrx_word' id='word_1_150' title='bbox 824 1776 906 1809; x_wconf 84' lang='lat' dir='ltr'>tum</span> <span class='ocrx_word' id='word_1_151' title='bbox 938 1769 991 1808; x_wconf 82' lang='lat' dir='ltr'>ad</span> <span class='ocrx_word' id='word_1_152' title='bbox 1022 1770 1293 1823; x_wconf 85' lang='lat' dir='ltr'>intelligenda</span> <span class='ocrx_word' id='word_1_153' title='bbox 1323 1771 1544 1822; x_wconf 82' lang='lat' dir='ltr'>proverbia</span> <span class='ocrx_word' id='word_1_154' title='bbox 1571 1781 1732 1810; x_wconf 88' lang='lat' dir='ltr'>neces-</span> 
     </span>
     <span class='ocr_line' id='line_1_19' title="bbox 274 1858 1730 1900; baseline -0.001 -1"><span class='ocrx_word' id='word_1_155' title='bbox 274 1860 414 1900; x_wconf 87' lang='lat' dir='ltr'>sariae</span> <span class='ocrx_word' id='word_1_156' title='bbox 466 1865 553 1899; x_wconf 88' lang='lat' dir='ltr'>tum</span> <span class='ocrx_word' id='word_1_157' title='bbox 597 1858 651 1898; x_wconf 89' lang='lat' dir='ltr'>ad</span> <span class='ocrx_word' id='word_1_158' title='bbox 698 1858 913 1898; x_wconf 83' lang='lat' dir='ltr'>historiam</span> <span class='ocrx_word' id='word_1_159' title='bbox 954 1858 1140 1898; x_wconf 75' lang='lat' dir='ltr'>Arabum</span> <span class='ocrx_word' id='word_1_160' title='bbox 1193 1859 1436 1899; x_wconf 88' lang='lat' dir='ltr'>discendam</span> <span class='ocrx_word' id='word_1_161' title='bbox 1475 1866 1516 1900; x_wconf 88' lang='lat' dir='ltr'>et</span> <span class='ocrx_word' id='word_1_162' title='bbox 1558 1858 1730 1899; x_wconf 80' lang='lat' dir='ltr'>vivendi</span> 
     </span>
     <span class='ocr_line' id='line_1_20' title="bbox 272 1947 1728 2001; baseline -0.001 -12"><span class='ocrx_word' id='word_1_163' title='bbox 272 1950 476 1989; x_wconf 87' lang='lat' dir='ltr'>rationem</span> <span class='ocrx_word' id='word_1_164' title='bbox 514 1962 740 2001; x_wconf 78' lang='lat' dir='ltr'>moresque</span> <span class='ocrx_word' id='word_1_165' title='bbox 780 1947 1103 1999; x_wconf 64' lang='lat' dir='ltr'>cognoscendos</span> <span class='ocrx_word' id='word_1_166' title='bbox 1146 1949 1267 1988; x_wconf 85' lang='lat' dir='ltr'>utiles</span> <span class='ocrx_word' id='word_1_167' title='bbox 1297 1949 1550 1989; x_wconf 81' lang='lat' dir='ltr'>viderentur.</span> <span class='ocrx_word' id='word_1_168' title='bbox 1610 1948 1728 1999; x_wconf 82' lang='lat' dir='ltr'>Quas</span> 
     </span>
     <span class='ocr_line' id='line_1_21' title="bbox 273 2031 1729 2087; baseline -0.001 -14"><span class='ocrx_word' id='word_1_169' title='bbox 273 2051 378 2078; x_wconf 84' lang='lat' dir='ltr'>vero</span> <span class='ocrx_word' id='word_1_170' title='bbox 416 2046 487 2073; x_wconf 85' lang='lat' dir='ltr'>res</span> <span class='ocrx_word' id='word_1_171' title='bbox 526 2033 651 2073; x_wconf 85' lang='lat' dir='ltr'>modo</span> <span class='ocrx_word' id='word_1_172' title='bbox 697 2032 867 2072; x_wconf 86' lang='lat' dir='ltr'>brevius</span> <span class='ocrx_word' id='word_1_173' title='bbox 917 2031 1025 2085; x_wconf 69' lang='lat' dir='ltr'>dixi,</span> <span class='ocrx_word' id='word_1_174' title='bbox 1073 2045 1195 2084; x_wconf 81' lang='lat' dir='ltr'>quam</span> <span class='ocrx_word' id='word_1_175' title='bbox 1237 2035 1276 2073; x_wconf 86' lang='lat' dir='ltr'>in</span> <span class='ocrx_word' id='word_1_176' title='bbox 1315 2035 1487 2074; x_wconf 85' lang='lat' dir='ltr'>scholiis</span> <span class='ocrx_word' id='word_1_177' title='bbox 1527 2034 1729 2087; x_wconf 86' lang='lat' dir='ltr'>Scriptum</span> 
     </span>
     <span class='ocr_line' id='line_1_22' title="bbox 272 2120 1729 2179; baseline -0.001 -17"><span class='ocrx_word' id='word_1_178' title='bbox 272 2132 384 2179; x_wconf 61' lang='lat' dir='ltr'>erat,</span> <span class='ocrx_word' id='word_1_179' title='bbox 416 2123 540 2162; x_wconf 88' lang='lat' dir='ltr'>modo</span> <span class='ocrx_word' id='word_1_180' title='bbox 572 2121 721 2161; x_wconf 85' lang='lat' dir='ltr'>iisdem</span> <span class='ocrx_word' id='word_1_181' title='bbox 758 2123 846 2159; x_wconf 81' lang='lat' dir='ltr'>fere</span> <span class='ocrx_word' id='word_1_182' title='bbox 876 2120 1017 2158; x_wconf 77' lang='lat' dir='ltr'>verbis</span> <span class='ocrx_word' id='word_1_183' title='bbox 1048 2133 1175 2175; x_wconf 59' lang='lat' dir='ltr'>usus,</span> <span class='ocrx_word' id='word_1_184' title='bbox 1208 2121 1556 2175; x_wconf 87' lang='lat' dir='ltr'>quemadmodum</span> <span class='ocrx_word' id='word_1_185' title='bbox 1586 2122 1729 2161; x_wconf 84' lang='lat' dir='ltr'>utilius</span> 
     </span>
     <span class='ocr_line' id='line_1_23' title="bbox 273 2206 1727 2264; baseline -0.003 -11"><span class='ocrx_word' id='word_1_186' title='bbox 273 2226 371 2253; x_wconf 88' lang='lat' dir='ltr'>esse</span> <span class='ocrx_word' id='word_1_187' title='bbox 407 2211 630 2264; x_wconf 64' lang='lat' dir='ltr'>putabam,</span> <span class='ocrx_word' id='word_1_188' title='bbox 668 2220 737 2247; x_wconf 89' lang='lat' dir='ltr'>res</span> <span class='ocrx_word' id='word_1_189' title='bbox 774 2207 917 2259; x_wconf 71' lang='lat' dir='ltr'>retuli,</span> <span class='ocrx_word' id='word_1_190' title='bbox 956 2206 1052 2245; x_wconf 87' lang='lat' dir='ltr'>dum</span> <span class='ocrx_word' id='word_1_191' title='bbox 1085 2213 1169 2247; x_wconf 84' lang='lat' dir='ltr'>tam</span> <span class='ocrx_word' id='word_1_192' title='bbox 1200 2210 1238 2248; x_wconf 87' lang='lat' dir='ltr'>in</span> <span class='ocrx_word' id='word_1_193' title='bbox 1268 2210 1500 2262; x_wconf 80' lang='lat' dir='ltr'>proverbiis</span> <span class='ocrx_word' id='word_1_194' title='bbox 1532 2222 1656 2262; x_wconf 86' lang='lat' dir='ltr'>quam</span> <span class='ocrx_word' id='word_1_195' title='bbox 1687 2211 1727 2250; x_wconf 88' lang='lat' dir='ltr'>in</span> 
     </span>
     <span class='ocr_line' id='line_1_24' title="bbox 272 2298 1727 2343; baseline 0 -1"><span class='ocrx_word' id='word_1_196' title='bbox 272 2302 470 2343; x_wconf 86' lang='lat' dir='ltr'>versibus</span> <span class='ocrx_word' id='word_1_197' title='bbox 498 2299 676 2340; x_wconf 85' lang='lat' dir='ltr'>vocales</span> <span class='ocrx_word' id='word_1_198' title='bbox 705 2299 973 2337; x_wconf 83' lang='lat' dir='ltr'>necessarias</span> <span class='ocrx_word' id='word_1_199' title='bbox 1005 2298 1221 2340; x_wconf 82' lang='lat' dir='ltr'>addebam.</span> <span class='ocrx_word' id='word_1_200' title='bbox 1281 2302 1389 2343; x_wconf 79' lang='lat' dir='ltr'>Cum</span> <span class='ocrx_word' id='word_1_201' title='bbox 1418 2302 1618 2343; x_wconf 81' lang='lat' dir='ltr'>Meidanii</span> <span class='ocrx_word' id='word_1_202' title='bbox 1647 2303 1727 2343; x_wconf 86' lang='lat' dir='ltr'>ad-</span> 
     </span>
     <span class='ocr_line' id='line_1_25' title="bbox 273 2387 1727 2444; baseline 0.001 -14"><span class='ocrx_word' id='word_1_203' title='bbox 273 2390 553 2430; x_wconf 78' lang='lat' dir='ltr'>notationibus</span> <span class='ocrx_word' id='word_1_204' title='bbox 582 2394 667 2428; x_wconf 86' lang='lat' dir='ltr'>tum</span> <span class='ocrx_word' id='word_1_205' title='bbox 702 2387 1044 2427; x_wconf 83' lang='lat' dir='ltr'>Samachscharii</span> <span class='ocrx_word' id='word_1_206' title='bbox 1075 2394 1161 2427; x_wconf 82' lang='lat' dir='ltr'>tum</span> <span class='ocrx_word' id='word_1_207' title='bbox 1189 2391 1540 2432; x_wconf 83' lang='lat' dir='ltr'>Scharaf-Aldini</span> <span class='ocrx_word' id='word_1_208' title='bbox 1554 2391 1589 2444; x_wconf 84' lang='lat'>¹)</span> <span class='ocrx_word' id='word_1_209' title='bbox 1623 2404 1727 2432; x_wconf 85' lang='lat' dir='ltr'>sen-</span> 
     </span>
    </p>
   </div>
   <div class='ocr_carea' id='block_1_2' title="bbox 273 2477 1727 2535">
    <p class='ocr_par' dir='ltr' id='par_1_2' title="bbox 273 2477 1727 2535">
     <span class='ocr_line' id='line_1_26' title="bbox 273 2477 1727 2535; baseline 0.001 -16"><span class='ocrx_word' id='word_1_210' title='bbox 273 2480 464 2532; x_wconf 71' lang='lat' dir='ltr'>tentiam,</span> <span class='ocrx_word' id='word_1_211' title='bbox 496 2479 532 2517; x_wconf 90' lang='lat' dir='ltr'>si</span> <span class='ocrx_word' id='word_1_212' title='bbox 563 2477 836 2530; x_wconf 64' lang='lat' dir='ltr'>discreparet,</span> <span class='ocrx_word' id='word_1_213' title='bbox 869 2477 1076 2516; x_wconf 82' lang='lat' dir='ltr'>coniunxi.</span> <span class='ocrx_word' id='word_1_214' title='bbox 1125 2478 1245 2529; x_wconf 83' lang='lat' dir='ltr'>Quae</span> <span class='ocrx_word' id='word_1_215' title='bbox 1276 2482 1526 2535; x_wconf 80' lang='lat' dir='ltr'>interpretes</span> <span class='ocrx_word' id='word_1_216' title='bbox 1556 2483 1727 2523; x_wconf 79' lang='lat' dir='ltr'>Arabici</span> 
     </span>
    </p>
   </div>
   <div class='ocr_carea' id='block_1_3' title="bbox 298 2646 1725 2873">
    <p class='ocr_par' dir='ltr' id='par_1_3' title="bbox 298 2646 1725 2873">
     <span class='ocr_line' id='line_1_27' title="bbox 298 2646 1725 2686; baseline 0.002 -9"><span class='ocrx_word' id='word_1_217' title='bbox 298 2647 336 2683; x_wconf 86' lang='lat'>1)</span> <span class='ocrx_word' id='word_1_218' title='bbox 362 2646 640 2677; x_wconf 65' lang='lat' dir='ltr'>samachscharii</span> <span class='ocrx_word' id='word_1_219' title='bbox 666 2646 795 2686; x_wconf 76' lang='lat' dir='ltr'>operis,</span> <span class='ocrx_word' id='word_1_220' title='bbox 823 2654 888 2677; x_wconf 74' lang='lat' dir='ltr'>nec</span> <span class='ocrx_word' id='word_1_221' title='bbox 913 2654 982 2676; x_wconf 85' lang='lat' dir='ltr'>non</span> <span class='ocrx_word' id='word_1_222' title='bbox 1008 2646 1117 2685; x_wconf 75' lang='lat' dir='ltr'>partis</span> <span class='ocrx_word' id='word_1_223' title='bbox 1144 2647 1301 2683; x_wconf 69' lang='lat' dir='ltr'>(lim-rae</span> <span class='ocrx_word' id='word_1_224' title='bbox 1325 2650 1412 2684; x_wconf 85' lang='lat' dir='ltr'>Elis)</span> <span class='ocrx_word' id='word_1_225' title='bbox 1438 2650 1725 2682; x_wconf 58' lang='lat' dir='ltr'>Senarus-Alcimi</span> 
     </span>
     <span class='ocr_line' id='line_1_28' title="bbox 360 2708 1724 2748; baseline 0.004 -9"><span class='ocrx_word' id='word_1_226' title='bbox 360 2712 393 2739; x_wconf 81' lang='lat' dir='ltr'>ct.</span> <span class='ocrx_word' id='word_1_227' title='bbox 423 2708 554 2739; x_wconf 81' lang='lat' dir='ltr'>codicis</span> <span class='ocrx_word' id='word_1_228' title='bbox 584 2708 834 2747; x_wconf 64' lang='lat' dir='ltr'>Lugdunensis</span> <span class='ocrx_word' id='word_1_229' title='bbox 867 2708 1148 2748; x_wconf 79' lang='lat' dir='ltr'>l‘ocockianique</span> <span class='ocrx_word' id='word_1_230' title='bbox 1174 2719 1270 2742; x_wconf 64' lang='lat' dir='ltr'>usum</span> <span class='ocrx_word' id='word_1_231' title='bbox 1296 2712 1469 2744; x_wconf 65' lang='lat' dir='ltr'>:unit-{tiae</span> <span class='ocrx_word' id='word_1_232' title='bbox 1500 2716 1532 2744; x_wconf 81' lang='lat' dir='ltr'>et</span> <span class='ocrx_word' id='word_1_233' title='bbox 1563 2714 1724 2745; x_wconf 75' lang='lat' dir='ltr'>benevo-</span> 
     </span>
     <span class='ocr_line' id='line_1_29' title="bbox 362 2767 1725 2814; baseline 0.006 -15"><span class='ocrx_word' id='word_1_234' title='bbox 362 2767 494 2801; x_wconf 76' lang='lat' dir='ltr'>lentiae</span> <span class='ocrx_word' id='word_1_235' title='bbox 519 2770 691 2809; x_wconf 66' lang='lat' dir='ltr'>weyers}</span> <span class='ocrx_word' id='word_1_236' title='bbox 715 2769 933 2801; x_wconf 82' lang='lat' dir='ltr'>celeberrimi</span> <span class='ocrx_word' id='word_1_237' title='bbox 965 2770 996 2801; x_wconf 88' lang='lat' dir='ltr'>in</span> <span class='ocrx_word' id='word_1_238' title='bbox 1029 2771 1257 2803; x_wconf 67' lang='lat' dir='ltr'>iunii-ersitutc</span> <span class='ocrx_word' id='word_1_239' title='bbox 1290 2774 1518 2810; x_wconf 66' lang='lat' dir='ltr'>bna-(lunensi</span> <span class='ocrx_word' id='word_1_240' title='bbox 1541 2776 1725 2814; x_wconf 77' lang='lat' dir='ltr'>professo-</span> 
     </span>
     <span class='ocr_line' id='line_1_30' title="bbox 363 2830 1458 2873; baseline 0.004 -13"><span class='ocrx_word' id='word_1_241' title='bbox 363 2830 410 2861; x_wconf 81' lang='lat' dir='ltr'>ris</span> <span class='ocrx_word' id='word_1_242' title='bbox 433 2839 489 2863; x_wconf 84' lang='lat' dir='ltr'>me</span> <span class='ocrx_word' id='word_1_243' title='bbox 521 2831 670 2873; x_wconf 79' lang='lat' dir='ltr'>debere,</span> <span class='ocrx_word' id='word_1_244' title='bbox 707 2831 738 2863; x_wconf 91' lang='lat' dir='ltr'>id</span> <span class='ocrx_word' id='word_1_245' title='bbox 770 2837 873 2872; x_wconf 78' lang='lat' dir='ltr'>grato</span> <span class='ocrx_word' id='word_1_246' title='bbox 900 2831 1016 2864; x_wconf 73' lang='lat' dir='ltr'>auimo</span> <span class='ocrx_word' id='word_1_247' title='bbox 1049 2841 1070 2863; x_wconf 83' lang='lat' dir='ltr'>a</span> <span class='ocrx_word' id='word_1_248' title='bbox 1095 2840 1150 2863; x_wconf 83' lang='lat' dir='ltr'>mc</span> <span class='ocrx_word' id='word_1_249' title='bbox 1181 2833 1364 2865; x_wconf 82' lang='lat' dir='ltr'>dicendum</span> <span class='ocrx_word' id='word_1_250' title='bbox 1393 2841 1458 2866; x_wconf 81' lang='lat' dir='ltr'>est.</span> 
     </span>
    </p>
   </div>
  </div>
 </body>
</html>
