1771 3072
705 124 756 129 —-
815 100 1005 140 593——

117 222 313 262 mensura
339 224 507 262 similos.
529 223 646 261 Deus
665 228 804 260 autem
830 221 1075 260 benedictus
1095 218 1172 260 sit!
1196 221 1430 273 Quomodo,
1455 233 1577 273 quum

117 299 200 332 tam
226 307 380 345 parvae
411 296 507 347 sint,
539 293 653 345 illud,
686 306 768 345 quo
801 294 1063 345 onustisunt,
1088 299 1254 344 portare
1276 291 1452 333 valent?
1483 292 1579 332 Rex

116 363 243 415 igitur
273 364 325 403 ad
355 365 444 404 eius
474 371 633 417 patrem
665 365 775 402 misit
806 364 984 415 puellam
1009 365 1046 402 in
1067 365 1368 403 matrimonium
1396 364 1472 403 sibi
1500 377 1579 415 pe-

118 440 221 473 tens.
251 435 378 472 Pater
408 441 547 475 autem
580 435 677 474 dote
708 437 840 473 missa
882 447 973 472 cam
1015 435 1053 473 in
1101 436 1405 473 matrimonium
1450 435 1579 485 dedit,

119 510 164 542 ut
183 504 234 543 ad
265 518 418 545 novum
450 506 638 545 maritum
670 505 900 543 duceretur.
933 506 1141 556 Tempore
1171 511 1326 557 autem,
1360 518 1439 556 quo
1471 506 1508 543 in
1529 519 1578 544 eo

119 581 251 628 crant,
282 581 328 614 ut
357 577 489 627 ipsam
520 575 572 615 ad
608 589 761 614 novum
794 577 987 616 maritum
1020 575 1241 628 (lucerent,
1286 581 1421 614 mater
1455 576 1577 614 filiam

122 647 184 685 sic
213 647 397 686 allocuta
427 653 515 686 cst:
547 648 582 687 Ο
614 641 760 685 filiola!
795 646 919 697 Quod
953 648 988 685 si
1020 648 1239 686 consilium
1272 648 1322 686 ob
1354 654 1572 699 praestan-

123 717 221 756 tiam
252 717 512 756 educationis
542 718 908 769 intermitteretur,
967 717 1005 756 id
1046 718 1117 756 tibi
1146 731 1227 756 uon
1274 718 1445 770 darem3
1504 719 1581 757 scd

122 789 348 828 admonitio
390 789 580 828 socordis
619 795 661 829 et
689 789 906 841 prudentis
938 789 1218 829 adiumentum
1249 796 1317 829 est
1348 798 1389 829 et
1419 791 1456 829 si
1486 804 1581 830 mu-

122 861 195 899 lier
225 861 371 900 marito
401 873 545 900 carere
575 868 723 913 posset
753 862 803 900 ob
835 861 1001 900 divitias
1042 867 1257 912 parentum
1300 868 1342 901 et
1391 863 1440 901 ob
1486 875 1579 900 ma—

121 944 246 984 gnum
279 931 546 981 desiderium,
584 945 665 984 quo
705 941 900 984 parentes
937 945 1039 985 erga
1081 933 1212 984 ipsam
1260 934 1415 984 impleti
1465 940 1580 987 sunt,

125 1008 166 1040 tu
199 1016 248 1040 co
280 1003 462 1042 maxime
493 1016 638 1041 carcre
670 1017 846 1055 posses:
878 1003 953 1042 sed
985 1010 1026 1042 ut
1053 1005 1246 1043 mulieres
1274 1006 1324 1043 ob
1347 1006 1463 1044 *viros
1485 1019 1581 1044 cre-

123 1079 220 1111 atae
251 1079 348 1112 sunt
378 1074 440 1111 sic
480 1074 557 1112 viri
598 1074 649 1112 ob
693 1075 889 1113 mulieres
938 1075 1138 1113 existunt.
1177 1075 1211 1113 0
1244 1070 1392 1115 filiola!
1428 1076 1491 1114 Τιι
1531 1077 1583 1115 ab

124 1147 236 1194 aero,
268 1157 322 1182 ex
352 1156 433 1195 quo
465 1150 507 1182 tu
540 1145 752 1195 prodiisti,
797 1151 838 1183 te
870 1146 1080 1196 separasti
1112 1152 1153 1184 et
1184 1145 1322 1185 nidum
1357 1153 1484 1199 tuum,
1528 1147 1582 1186 ad

123 1227 246 1266 quem
292 1214 600 1267 adscenderas,
659 1216 899 1267 relinquens
929 1215 982 1254 ad
1017 1216 1164 1270 alium,
1219 1229 1343 1268 quem
1383 1231 1464 1256 non
1504 1230 1585 1256 no-

127 1286 228 1338 scis,
265 1286 377 1323 ivisti
408 1291 449 1324 et
481 1285 533 1324 ad
562 1287 744 1335 socium,
778 1299 955 1338 quocum
986 1300 1067 1326 non
1100 1289 1374 1328 consuevisti.
1432 1290 1475 1328 Is
1503 1302 1585 1328 au-

122 1366 205 1395 tem
257 1361 469 1407 potestate
518 1369 597 1395 sua
637 1362 732 1396 tuus
774 1358 912 1396 factus
953 1364 1019 1396 cst
1069 1366 1218 1397 custos
1257 1365 1297 1397 et
1342 1372 1585 1411 possessor.

127 1427 196 1465 Sis
234 1427 361 1478 igitur
402 1439 530 1467 serva
571 1429 631 1480 oi,
673 1434 717 1466 ut
757 1435 856 1467 tuus
895 1430 949 1467 sit
1004 1442 1157 1468 servus
1205 1430 1327 1469 celer.
1388 1431 1423 1470 Ο
1469 1431 1580 1469 filio—

126 1493 186 1535 la!
226 1498 385 1536 Tecum
424 1510 543 1536 sume
583 1511 607 1537 a
648 1512 715 1537 me
756 1499 901 1538 decem
941 1502 1249 1552 proprietates,
1310 1508 1354 1541 ut
1393 1502 1464 1540 tibi
1502 1503 1587 1541 sint

125 1573 320 1618 tauquam
375 1567 597 1606 thesaurus
669 1575 709 1607 et
761 1569 1009 1609 recordatio,
1082 1572 1280 1610 Societas
1332 1584 1427 1610 cum
1481 1584 1587 1610 con-

125 1642 240 1675 tento
272 1637 421 1690 auimo,
455 1644 496 1677 et
526 1640 782 1678 consortium
815 1652 908 1679 cnm
942 1641 1175 1680 obedientia
1208 1649 1248 1681 et
1285 1655 1384 1681 cura
1414 1643 1586 1682 assidua

125 1708 222 1760 loci,
255 1721 377 1760 quem
409 1708 524 1747 videt
555 1716 597 1747 et
630 1711 732 1749 ratio
771 1710 949 1762 diligens
994 1713 1104 1764 loci,
1147 1725 1268 1764 quem
1310 1714 1477 1766 oll'acit,
1535 1728 1588 1753 ne

126 1779 232 1817 oculi
262 1779 351 1817 eius
382 1780 420 1817 in
451 1792 536 1817 rem
569 1785 754 1832 turpem,
798 1795 922 1833 quam
966 1785 1157 1835 peragis,
1200 1784 1406 1836 incidant,
1445 1798 1584 1836 neque

127 1851 183 1888 tui
222 1862 399 1900 pravum
430 1849 601 1889 odorem
632 1853 844 1903 percipiat.
878 1852 1109 1904 Collyrium
1133 1860 1273 1894 autem
1300 1862 1365 1894 est
1386 1857 1586 1907 pulcher—

128 1921 270 1957 rimum
287 1919 602 1969 pulchritudinis
626 1921 869 1970 (inventae)
892 1928 932 1961 et
947 1935 1054 1974 aqua
1069 1925 1268 1975 optimum
1286 1926 1584 1977 odoi-amonim

129 1987 367 2028 de:‹iderati.
425 1990 530 2028 Tum
568 2002 668 2029 eura
698 1997 904 2044 tompore,
936 2005 1015 2044 quo
1048 1994 1183 2033 cibum
1224 1998 1351 2036 sumit
1387 2003 1429 2036 et
1470 1998 1586 2049 quies

130 2066 333 2112 tempore,
366 2071 446 2110 quo
478 2060 639 2114 dormit,
672 2075 765 2101 nam
795 2063 919 2102 famis
961 2064 1082 2103 ardor
1120 2074 1302 2119 occupat
1339 2074 1379 2107 et
1418 2075 1585 2120 pertur-

129 2131 241 2169 batio
273 2131 407 2169 somni
439 2130 574 2170 odium
595 2139 748 2172 movet.
779 2135 884 2172 'I'um
917 2135 1109 2175 custodia
1140 2137 1288 2176 domus
1315 2152 1523 2191 opumque
1544 2145 1586 2178 et

133 2201 237 2239 ratio
278 2201 419 2240 habita
461 2207 504 2240 ut
542 2215 746 2253 personae
793 2204 925 2256 ipsius
965 2206 1027 2245 sic
1055 2207 1334 2249 ministrorum
1383 2209 1587 2250 domesti-

132 2283 372 2322 corumque.
404 2271 608 2312 Custodia
639 2287 761 2326 opum
795 2281 933 2314 autem
955 2279 1203 2318 consistitin
1227 2292 1293 2332 eo,
1325 2286 1370 2319 ut
1386 2287 1583 2332 quantum

134 2341 273 2394 detur,
306 2342 411 2380 bene
443 2341 661 2381 definiatur
692 2350 734 2382 et
762 2346 865 2384 ratio
895 2346 1037 2386 habita
1066 2348 1389 2389 domesticorum
1432 2357 1473 2389 et
1504 2352 1584 2390 mi-

132 2412 356 2450 nistrorum
387 2412 426 2449 in
457 2424 522 2464 e0,
552 2418 596 2451 ut
625 2426 692 2452 res
722 2415 826 2454 bene
865 2417 1145 2459 instituantur.
1204 2420 1273 2458 Ne
1313 2426 1453 2458 autem
1497 2422 1587 2459 eius

134 2487 344 2519 secretum
377 2481 575 2534 divulges
604 2489 674 2521 aut
704 2484 793 2523 eius
824 2485 1018 2525 mandato
1049 2488 1287 2528 inobediens
1319 2490 1392 2543 sis,
1424 2503 1518 2529 nam
1551 2492 1585 2529 si

162 2641 200 2675 1)
227 2643 299 2673 Sed
331 2643 364 2674 in
406 2644 526 2675 codice
561 2646 675 2687 Lugd.
706 2648 842 2688 signum
876 2650 1059 2681 'Pesclididi
1090 2659 1218 2682 nomen
1251 2651 1374 2691 habet,
1423 2654 1459 2681 ut
1490 2650 1588 2684 boni

230 2701 317 2731 verti
344 2703 460 2740 possit.

1249 2809 1309 2852 33
