<?xml version="1.0" encoding="UTF-8"?>
<!DOCTYPE html PUBLIC "-//W3C//DTD XHTML 1.0 Transitional//EN"
    "http://www.w3.org/TR/xhtml1/DTD/xhtml1-transitional.dtd">
<html xmlns="http://www.w3.org/1999/xhtml" xml:lang="en" lang="en">
 <head>
  <title>
</title>
<meta http-equiv="Content-Type" content="text/html;charset=utf-8" />
  <meta name='ocr-system' content='tesseract 3.04.00' />
  <meta name='ocr-capabilities' content='ocr_page ocr_carea ocr_par ocr_line ocrx_word'/>
</head>
<body>
  <div class='ocr_page' id='page_1' title='image "./arabumproverbiav01freyuoft/arabumproverbiav01freyuoft_0368.png"; bbox 0 0 1771 3072; ppageno 0'>
   <div class='ocr_carea' id='block_1_1' title="bbox 799 163 1101 204">
    <p class='ocr_par' dir='ltr' id='par_1_1' title="bbox 799 163 1101 204">
     <span class='ocr_line' id='line_1_1' title="bbox 799 163 1101 204; baseline -0.003 -11"><span class='ocrx_word' id='word_1_1' title='bbox 799 163 1101 204; x_wconf 71' lang='grc'>..350-</span> 
     </span>
    </p>
   </div>
   <div class='ocr_carea' id='block_1_2' title="bbox 220 285 1681 439">
    <p class='ocr_par' dir='ltr' id='par_1_2' title="bbox 220 285 1681 439">
     <span class='ocr_line' id='line_1_2' title="bbox 220 285 1680 342; baseline -0.001 -14"><span class='ocrx_word' id='word_1_2' title='bbox 220 299 394 329; x_wconf 89' lang='lat' dir='ltr'><strong>sensum</strong></span> <span class='ocrx_word' id='word_1_3' title='bbox 413 288 582 342; x_wconf 83' lang='lat' dir='ltr'><strong>praebet.</strong></span> <span class='ocrx_word' id='word_1_4' title='bbox 623 288 670 328; x_wconf 90' lang='lat' dir='ltr'><strong>Si</strong></span> <span class='ocrx_word' id='word_1_5' title='bbox 705 291 848 331; x_wconf 49' lang='lat' dir='ltr'><strong>aaa&gt;</strong></span> <span class='ocrx_word' id='word_1_6' title='bbox 880 297 974 326; x_wconf 89' lang='lat' dir='ltr'><strong>cum</strong></span> <span class='ocrx_word' id='word_1_7' title='bbox 994 285 1106 326; x_wconf 83' lang='lat' dir='ltr'><strong>Fata</strong></span> <span class='ocrx_word' id='word_1_8' title='bbox 1124 285 1270 342; x_wconf 68' lang='lat' dir='ltr'><strong>effers,</strong></span> <span class='ocrx_word' id='word_1_9' title='bbox 1287 298 1439 327; x_wconf 88' lang='lat' dir='ltr'><strong>nomen</strong></span> <span class='ocrx_word' id='word_1_10' title='bbox 1461 287 1570 326; x_wconf 87' lang='lat' dir='ltr'><strong>vicis</strong></span> <span class='ocrx_word' id='word_1_11' title='bbox 1593 285 1680 326; x_wconf 91' lang='lat' dir='ltr'><strong>de-</strong></span> 
     </span>
     <span class='ocr_line' id='line_1_3' title="bbox 221 367 1681 439; baseline -0.001 -29"><span class='ocrx_word' id='word_1_12' title='bbox 221 371 397 422; x_wconf 83' lang='lat' dir='ltr'><strong>ceptio</strong></span> <span class='ocrx_word' id='word_1_13' title='bbox 427 383 522 411; x_wconf 90' lang='lat' dir='ltr'><strong>una</strong></span> <span class='ocrx_word' id='word_1_14' title='bbox 550 376 643 425; x_wconf 56' lang='lat' dir='ltr'><strong>estj</strong></span> <span class='ocrx_word' id='word_1_15' title='bbox 674 382 699 409; x_wconf 94' lang='lat' dir='ltr'><strong>a</strong></span> <span class='ocrx_word' id='word_1_16' title='bbox 728 375 842 439; x_wconf 58' lang='lat'><strong>&amp;²⁴⁵³</strong></span> <span class='ocrx_word' id='word_1_17' title='bbox 872 369 895 407; x_wconf 88' lang='lat' dir='ltr'><strong>i.</strong></span> <span class='ocrx_word' id='word_1_18' title='bbox 918 381 954 407; x_wconf 89' lang='lat' dir='ltr'><strong>e.</strong></span> <span class='ocrx_word' id='word_1_19' title='bbox 988 369 1036 409; x_wconf 85' lang='lat' dir='ltr'><strong>Si</strong></span> <span class='ocrx_word' id='word_1_20' title='bbox 1061 375 1270 423; x_wconf 85' lang='lat' dir='ltr'><strong>pugnator</strong></span> <span class='ocrx_word' id='word_1_21' title='bbox 1297 381 1381 409; x_wconf 90' lang='lat' dir='ltr'><strong>una</strong></span> <span class='ocrx_word' id='word_1_22' title='bbox 1403 368 1499 409; x_wconf 90' lang='lat' dir='ltr'><strong>vice</strong></span> <span class='ocrx_word' id='word_1_23' title='bbox 1521 367 1681 409; x_wconf 87' lang='lat' dir='ltr'><strong>adver-</strong></span> 
     </span>
    </p>
   </div>
   <div class='ocr_carea' id='block_1_3' title="bbox 218 451 1682 576">
    <p class='ocr_par' dir='ltr' id='par_1_3' title="bbox 218 451 1682 576">
     <span class='ocr_line' id='line_1_4' title="bbox 220 451 1682 507; baseline -0.001 -15"><span class='ocrx_word' id='word_1_24' title='bbox 220 452 379 493; x_wconf 87' lang='lat' dir='ltr'><strong>sarium</strong></span> <span class='ocrx_word' id='word_1_25' title='bbox 409 453 578 505; x_wconf 60' lang='lat' dir='ltr'><strong>decipitJ</strong></span> <span class='ocrx_word' id='word_1_26' title='bbox 610 463 706 491; x_wconf 86' lang='lat' dir='ltr'><strong>eum</strong></span> <span class='ocrx_word' id='word_1_27' title='bbox 735 451 884 492; x_wconf 87' lang='lat' dir='ltr'><strong>vincet</strong></span> <span class='ocrx_word' id='word_1_28' title='bbox 912 458 955 492; x_wconf 93' lang='lat' dir='ltr'><strong>et</strong></span> <span class='ocrx_word' id='word_1_29' title='bbox 984 453 1024 493; x_wconf 91' lang='lat' dir='ltr'><strong>in</strong></span> <span class='ocrx_word' id='word_1_30' title='bbox 1053 453 1200 507; x_wconf 85' lang='lat' dir='ltr'><strong>fugam</strong></span> <span class='ocrx_word' id='word_1_31' title='bbox 1231 452 1446 504; x_wconf 81' lang='lat' dir='ltr'><strong>coniiciet3</strong></span> <span class='ocrx_word' id='word_1_32' title='bbox 1484 451 1549 491; x_wconf 90' lang='lat' dir='ltr'><strong>sin</strong></span> <span class='ocrx_word' id='word_1_33' title='bbox 1578 464 1682 498; x_wconf 71' lang='lat' dir='ltr'><strong>vero</strong></span> 
     </span>
     <span class='ocr_line' id='line_1_5' title="bbox 218 520 1682 576; baseline -0.001 -13"><span class='ocrx_word' id='word_1_34' title='bbox 218 529 388 568; x_wconf 44' lang='grc' dir='ltr'><strong>με»</strong></span> <span class='ocrx_word' id='word_1_35' title='bbox 418 535 515 563; x_wconf 92' lang='lat' dir='ltr'><strong>cum</strong></span> <span class='ocrx_word' id='word_1_36' title='bbox 544 523 755 563; x_wconf 85' lang='lat' dir='ltr'><strong>Dhamma</strong></span> <span class='ocrx_word' id='word_1_37' title='bbox 784 523 928 576; x_wconf 74' lang='lat' dir='ltr'><strong>effers,</strong></span> <span class='ocrx_word' id='word_1_38' title='bbox 958 536 1109 563; x_wconf 89' lang='lat' dir='ltr'><strong>nomen</strong></span> <span class='ocrx_word' id='word_1_39' title='bbox 1140 529 1210 563; x_wconf 89' lang='lat' dir='ltr'><strong>est</strong></span> <span class='ocrx_word' id='word_1_40' title='bbox 1221 553 1233 576; x_wconf 65' lang='lat'>7</span> <span class='ocrx_word' id='word_1_41' title='bbox 1271 524 1294 562; x_wconf 91' lang='lat' dir='ltr'><strong>i.</strong></span> <span class='ocrx_word' id='word_1_42' title='bbox 1324 535 1360 562; x_wconf 90' lang='lat' dir='ltr'><strong>e.</strong></span> <span class='ocrx_word' id='word_1_43' title='bbox 1391 523 1431 562; x_wconf 92' lang='lat' dir='ltr'><strong>in</strong></span> <span class='ocrx_word' id='word_1_44' title='bbox 1461 521 1570 562; x_wconf 89' lang='lat' dir='ltr'><strong>bello</strong></span> <span class='ocrx_word' id='word_1_45' title='bbox 1602 520 1682 561; x_wconf 85' lang='lat' dir='ltr'><strong>ad-</strong></span> 
     </span>
    </p>
   </div>
   <div class='ocr_carea' id='block_1_4' title="bbox 218 604 1684 805">
    <p class='ocr_par' dir='ltr' id='par_1_4' title="bbox 218 604 1684 805">
     <span class='ocr_line' id='line_1_6' title="bbox 220 604 1683 660; baseline -0.002 -13"><span class='ocrx_word' id='word_1_46' title='bbox 220 607 437 650; x_wconf 84' lang='lat' dir='ltr'><strong>versarius</strong></span> <span class='ocrx_word' id='word_1_47' title='bbox 468 604 683 658; x_wconf 83' lang='lat' dir='ltr'><strong>decipitur.</strong></span> <span class='ocrx_word' id='word_1_48' title='bbox 742 606 801 645; x_wconf 88' lang='lat' dir='ltr'><strong>At</strong></span> <span class='ocrx_word' id='word_1_49' title='bbox 840 618 943 646; x_wconf 88' lang='lat' dir='ltr'><strong>vero</strong></span> <span class='ocrx_word' id='word_1_50' title='bbox 983 618 1106 660; x_wconf 89' lang='lat' dir='ltr'><strong>quem</strong></span> <span class='ocrx_word' id='word_1_51' title='bbox 1139 612 1317 646; x_wconf 91' lang='lat' dir='ltr'><strong>secutus</strong></span> <span class='ocrx_word' id='word_1_52' title='bbox 1347 617 1442 645; x_wconf 86' lang='lat' dir='ltr'><strong>sum</strong></span> <span class='ocrx_word' id='word_1_53' title='bbox 1471 604 1683 645; x_wconf 90' lang='lat' dir='ltr'><strong>scribendi</strong></span> 
     </span>
     <span class='ocr_line' id='line_1_7' title="bbox 218 675 1683 733; baseline -0.003 -14"><span class='ocrx_word' id='word_1_54' title='bbox 218 678 389 719; x_wconf 90' lang='lat' dir='ltr'><strong>modum</strong></span> <span class='ocrx_word' id='word_1_55' title='bbox 419 678 470 717; x_wconf 87' lang='lat' dir='ltr'><strong>ab</strong></span> <span class='ocrx_word' id='word_1_56' title='bbox 500 677 707 718; x_wconf 83' lang='lat' dir='ltr'><strong>Alcesa&#39;io</strong></span> <span class='ocrx_word' id='word_1_57' title='bbox 737 676 996 733; x_wconf 73' lang='lat' dir='ltr'><strong>adnotatum,</strong></span> <span class='ocrx_word' id='word_1_58' title='bbox 1034 679 1070 718; x_wconf 90' lang='lat' dir='ltr'><strong>is</strong></span> <span class='ocrx_word' id='word_1_59' title='bbox 1093 678 1259 718; x_wconf 89' lang='lat' dir='ltr'><strong>omnino</strong></span> <span class='ocrx_word' id='word_1_60' title='bbox 1280 675 1582 730; x_wconf 88' lang='lat' dir='ltr'><strong>praeferendus</strong></span> <span class='ocrx_word' id='word_1_61' title='bbox 1610 676 1683 715; x_wconf 91' lang='lat' dir='ltr'><strong>vi-</strong></span> 
     </span>
     <span class='ocr_line' id='line_1_8' title="bbox 218 748 1684 805; baseline -0.001 -15"><span class='ocrx_word' id='word_1_62' title='bbox 218 749 358 803; x_wconf 79' lang='lat' dir='ltr'><strong>detur,</strong></span> <span class='ocrx_word' id='word_1_63' title='bbox 389 754 434 788; x_wconf 90' lang='lat' dir='ltr'><strong>ut</strong></span> <span class='ocrx_word' id='word_1_64' title='bbox 462 749 572 789; x_wconf 93' lang='lat' dir='ltr'><strong>bello</strong></span> <span class='ocrx_word' id='word_1_65' title='bbox 592 748 673 802; x_wconf 91' lang='lat' dir='ltr'><strong>ipsi</strong></span> <span class='ocrx_word' id='word_1_66' title='bbox 693 748 848 804; x_wconf 83' lang='lat' dir='ltr'><strong>agendi</strong></span> <span class='ocrx_word' id='word_1_67' title='bbox 871 750 977 790; x_wconf 88' lang='lat' dir='ltr'><strong>ratio</strong></span> <span class='ocrx_word' id='word_1_68' title='bbox 999 750 1219 805; x_wconf 70' lang='lat' dir='ltr'><strong>tribuatur,</strong></span> <span class='ocrx_word' id='word_1_69' title='bbox 1243 750 1396 803; x_wconf 84' lang='lat' dir='ltr'>quippe</span> <span class='ocrx_word' id='word_1_70' title='bbox 1416 762 1545 802; x_wconf 91' lang='lat' dir='ltr'><strong>quum</strong></span> <span class='ocrx_word' id='word_1_71' title='bbox 1572 749 1684 789; x_wconf 91' lang='lat' dir='ltr'><strong>mul-</strong></span> 
     </span>
    </p>
   </div>
   <div class='ocr_carea' id='block_1_5' title="bbox 217 820 1683 934">
    <p class='ocr_par' dir='ltr' id='par_1_5' title="bbox 217 820 1683 934">
     <span class='ocr_line' id='line_1_9' title="bbox 217 820 1683 875; baseline 0 -14"><span class='ocrx_word' id='word_1_72' title='bbox 217 827 286 861; x_wconf 90' lang='lat' dir='ltr'><strong>tos</strong></span> <span class='ocrx_word' id='word_1_73' title='bbox 328 820 523 874; x_wconf 87' lang='lat' dir='ltr'><strong>decipiat.</strong></span> <span class='ocrx_word' id='word_1_74' title='bbox 583 822 650 861; x_wconf 92' lang='lat' dir='ltr'><strong>De</strong></span> <span class='ocrx_word' id='word_1_75' title='bbox 688 822 800 861; x_wconf 89' lang='lat' dir='ltr'><strong>omni</strong></span> <span class='ocrx_word' id='word_1_76' title='bbox 836 835 883 861; x_wconf 90' lang='lat' dir='ltr'><strong>re</strong></span> <span class='ocrx_word' id='word_1_77' title='bbox 896 851 910 875; x_wconf 84' lang='grc'>,</span> <span class='ocrx_word' id='word_1_78' title='bbox 956 834 1064 874; x_wconf 83' lang='lat' dir='ltr'><strong>quae</strong></span> <span class='ocrx_word' id='word_1_79' title='bbox 1105 821 1263 862; x_wconf 73' lang='lat' dir='ltr'><strong>astutia</strong></span> <span class='ocrx_word' id='word_1_80' title='bbox 1300 820 1558 875; x_wconf 85' lang='lat' dir='ltr'><strong>perficienda</strong></span> <span class='ocrx_word' id='word_1_81' title='bbox 1600 826 1683 873; x_wconf 79' lang='lat' dir='ltr'><strong>est,</strong></span> 
     </span>
     <span class='ocr_line' id='line_1_10' title="bbox 222 892 1227 934; baseline -0.002 0"><span class='ocrx_word' id='word_1_82' title='bbox 222 893 456 934; x_wconf 84' lang='lat' dir='ltr'><strong>adhibetur.</strong></span> <span class='ocrx_word' id='word_1_83' title='bbox 515 892 844 934; x_wconf 88' lang='lat' dir='ltr'><strong>Samachschar.</strong></span> <span class='ocrx_word' id='word_1_84' title='bbox 876 893 1227 934; x_wconf 80' lang='lat' dir='ltr'><strong>Scharaf-Aldin.</strong></span> 
     </span>
    </p>
   </div>
   <div class='ocr_carea' id='block_1_6' title="bbox 220 997 1400 1224">
    <p class='ocr_par' dir='ltr' id='par_1_6' title="bbox 220 997 1400 1224">
     <span class='ocr_line' id='line_1_11' title="bbox 711 997 1146 1027; baseline -0.002 -7"><span class='ocrx_word' id='word_1_85' title='bbox 711 997 730 1020; x_wconf 70' lang='grc'><em>3</em></span> <span class='ocrx_word' id='word_1_86' title='bbox 778 998 796 1019; x_wconf 69' lang='lat'>2</span> <span class='ocrx_word' id='word_1_87' title='bbox 888 999 905 1019; x_wconf 69' lang='lat'><em>2</em></span> <span class='ocrx_word' id='word_1_88' title='bbox 995 999 1013 1020; x_wconf 73' lang='lat'>2</span> <span class='ocrx_word' id='word_1_89' title='bbox 1069 1022 1072 1027; x_wconf 62' lang='grc'>,</span> <span class='ocrx_word' id='word_1_90' title='bbox 1123 1009 1146 1019; x_wconf 51' lang='grc' dir='ltr'><strong><em>ρ</em></strong></span> 
     </span>
     <span class='ocr_line' id='line_1_12' title="bbox 598 1012 1338 1131; baseline -0.011 -38"><span class='ocrx_word' id='word_1_91' title='bbox 598 1043 813 1131; x_wconf 56' lang='grc' dir='ltr'><strong>ῳρκω.</strong></span> <span class='ocrx_word' id='word_1_92' title='bbox 852 1028 922 1103; x_wconf 67' lang='grc' dir='ltr'><strong>,ὁ</strong></span> <span class='ocrx_word' id='word_1_93' title='bbox 970 1012 1194 1126; x_wconf 45' lang='lat'><strong>&amp;033⁵-</strong></span> <span class='ocrx_word' id='word_1_94' title='bbox 1291 1035 1338 1085; x_wconf 61' lang='lat' dir='ltr'><strong>ri</strong></span> 
     </span>
     <span class='ocr_line' id='line_1_13' title="bbox 220 1153 1400 1224; baseline 0 -21"><span class='ocrx_word' id='word_1_95' title='bbox 220 1156 297 1203; x_wconf 82' lang='lat'><strong>29.</strong></span> <span class='ocrx_word' id='word_1_96' title='bbox 369 1154 599 1206; x_wconf 82' lang='lat' dir='ltr'>Narratio</span> <span class='ocrx_word' id='word_1_97' title='bbox 635 1153 803 1224; x_wconf 86' lang='lat' dir='ltr'><strong>plures</strong></span> <span class='ocrx_word' id='word_1_98' title='bbox 839 1156 942 1208; x_wconf 80' lang='lat' dir='ltr'><strong>vias</strong></span> <span class='ocrx_word' id='word_1_99' title='bbox 978 1155 1200 1221; x_wconf 88' lang='lat' dir='ltr'><strong>(scopos)</strong></span> <span class='ocrx_word' id='word_1_100' title='bbox 1235 1154 1400 1204; x_wconf 87' lang='lat' dir='ltr'><strong>habet.</strong></span> 
     </span>
    </p>
   </div>
   <div class='ocr_carea' id='block_1_7' title="bbox 216 1256 1688 1883">
    <p class='ocr_par' dir='ltr' id='par_1_7' title="bbox 216 1256 1688 1883">
     <span class='ocr_line' id='line_1_14' title="bbox 329 1256 1687 1312; baseline -0.001 -13"><span class='ocrx_word' id='word_1_101' title='bbox 329 1257 397 1299; x_wconf 83' lang='lat' dir='ltr'><strong>De</strong></span> <span class='ocrx_word' id='word_1_102' title='bbox 425 1256 686 1310; x_wconf 73' lang='lat' dir='ltr'>narratione,</span> <span class='ocrx_word' id='word_1_103' title='bbox 719 1268 801 1309; x_wconf 84' lang='lat' dir='ltr'><strong>qua</strong></span> <span class='ocrx_word' id='word_1_104' title='bbox 828 1256 911 1299; x_wconf 82' lang='lat' dir='ltr'><strong>alia</strong></span> <span class='ocrx_word' id='word_1_105' title='bbox 941 1256 982 1296; x_wconf 91' lang='lat' dir='ltr'><strong>in</strong></span> <span class='ocrx_word' id='word_1_106' title='bbox 1011 1263 1195 1298; x_wconf 86' lang='lat' dir='ltr'><strong>mentem</strong></span> <span class='ocrx_word' id='word_1_107' title='bbox 1225 1262 1472 1312; x_wconf 77' lang='lat' dir='ltr'><strong>revocatur,</strong></span> <span class='ocrx_word' id='word_1_108' title='bbox 1503 1269 1687 1310; x_wconf 87' lang='lat' dir='ltr'><strong>prover-</strong></span> 
     </span>
     <span class='ocr_line' id='line_1_15' title="bbox 216 1326 1685 1370; baseline 0.001 -3"><span class='ocrx_word' id='word_1_109' title='bbox 216 1326 328 1370; x_wconf 85' lang='lat' dir='ltr'><strong>bium</strong></span> <span class='ocrx_word' id='word_1_110' title='bbox 368 1327 579 1368; x_wconf 83' lang='lat' dir='ltr'><strong>adhibent.</strong></span> <span class='ocrx_word' id='word_1_111' title='bbox 635 1328 917 1368; x_wconf 84' lang='lat' dir='ltr'><strong>Proverbium</strong></span> <span class='ocrx_word' id='word_1_112' title='bbox 953 1328 1035 1368; x_wconf 93' lang='lat' dir='ltr'><strong>hoc</strong></span> <span class='ocrx_word' id='word_1_113' title='bbox 1065 1328 1301 1369; x_wconf 86' lang='lat' dir='ltr'><strong>Dhabbaho</strong></span> <span class='ocrx_word' id='word_1_114' title='bbox 1330 1328 1554 1369; x_wconf 86' lang='lat' dir='ltr'><strong>ben-Odd</strong></span> <span class='ocrx_word' id='word_1_115' title='bbox 1577 1330 1685 1369; x_wconf 91' lang='lat' dir='ltr'><strong>ben-</strong></span> 
     </span>
     <span class='ocr_line' id='line_1_16' title="bbox 218 1400 1687 1453; baseline 0 -13"><span class='ocrx_word' id='word_1_116' title='bbox 218 1400 467 1445; x_wconf 83' lang='lat' dir='ltr'><strong>Thabichah</strong></span> <span class='ocrx_word' id='word_1_117' title='bbox 495 1400 729 1453; x_wconf 86' lang='lat' dir='ltr'><strong>ben-Aljas</strong></span> <span class='ocrx_word' id='word_1_118' title='bbox 758 1400 1050 1441; x_wconf 86' lang='lat' dir='ltr'><strong>ben-Modhar</strong></span> <span class='ocrx_word' id='word_1_119' title='bbox 1071 1400 1332 1444; x_wconf 83' lang='lat' dir='ltr'><strong>adscribitur.</strong></span> <span class='ocrx_word' id='word_1_120' title='bbox 1368 1402 1549 1441; x_wconf 81' lang='lat' dir='ltr'><strong>Miserat</strong></span> <span class='ocrx_word' id='word_1_121' title='bbox 1578 1401 1687 1441; x_wconf 87' lang='lat' dir='ltr'><strong>filios</strong></span> 
     </span>
     <span class='ocr_line' id='line_1_17' title="bbox 221 1471 1685 1526; baseline -0.001 -13"><span class='ocrx_word' id='word_1_122' title='bbox 221 1471 328 1513; x_wconf 90' lang='lat' dir='ltr'><strong>duos</strong></span> <span class='ocrx_word' id='word_1_123' title='bbox 360 1471 597 1514; x_wconf 86' lang='lat' dir='ltr'><strong>Sahdum</strong></span> <span class='ocrx_word' id='word_1_124' title='bbox 626 1478 669 1512; x_wconf 89' lang='lat' dir='ltr'><strong>et</strong></span> <span class='ocrx_word' id='word_1_125' title='bbox 700 1472 1008 1525; x_wconf 73' lang='lat' dir='ltr'><strong>Soaihdum,</strong></span> <span class='ocrx_word' id='word_1_126' title='bbox 1040 1479 1087 1512; x_wconf 93' lang='lat' dir='ltr'><strong>ut</strong></span> <span class='ocrx_word' id='word_1_127' title='bbox 1117 1473 1306 1515; x_wconf 87' lang='lat' dir='ltr'><strong>camelos</strong></span> <span class='ocrx_word' id='word_1_128' title='bbox 1334 1472 1517 1512; x_wconf 90' lang='lat' dir='ltr'><strong>amissos</strong></span> <span class='ocrx_word' id='word_1_129' title='bbox 1548 1485 1685 1526; x_wconf 87' lang='lat' dir='ltr'><strong>quae-</strong></span> 
     </span>
     <span class='ocr_line' id='line_1_18' title="bbox 218 1543 1683 1591; baseline -0.001 -7"><span class='ocrx_word' id='word_1_130' title='bbox 218 1550 371 1584; x_wconf 89' lang='lat' dir='ltr'><strong>rerent.</strong></span> <span class='ocrx_word' id='word_1_131' title='bbox 431 1543 603 1587; x_wconf 83' lang='lat' dir='ltr'><strong>Sahdus</strong></span> <span class='ocrx_word' id='word_1_132' title='bbox 641 1545 829 1585; x_wconf 86' lang='lat' dir='ltr'><strong>camelos</strong></span> <span class='ocrx_word' id='word_1_133' title='bbox 870 1543 1035 1587; x_wconf 83' lang='lat' dir='ltr'><strong>reduxit</strong></span> <span class='ocrx_word' id='word_1_134' title='bbox 1069 1550 1111 1584; x_wconf 90' lang='lat' dir='ltr'><strong>et</strong></span> <span class='ocrx_word' id='word_1_135' title='bbox 1150 1543 1365 1591; x_wconf 83' lang='lat' dir='ltr'><strong>Soaihdus</strong></span> <span class='ocrx_word' id='word_1_136' title='bbox 1403 1557 1428 1585; x_wconf 87' lang='lat' dir='ltr'><strong>a</strong></span> <span class='ocrx_word' id='word_1_137' title='bbox 1468 1544 1558 1583; x_wconf 88' lang='lat' dir='ltr'><strong>viro</strong></span> <span class='ocrx_word' id='word_1_138' title='bbox 1599 1544 1683 1583; x_wconf 89' lang='lat' dir='ltr'><strong>Al-</strong></span> 
     </span>
     <span class='ocr_line' id='line_1_19' title="bbox 219 1615 1685 1671; baseline 0 -17"><span class='ocrx_word' id='word_1_139' title='bbox 219 1615 335 1657; x_wconf 83' lang='lat' dir='ltr'><strong>harts</strong></span> <span class='ocrx_word' id='word_1_140' title='bbox 376 1615 622 1656; x_wconf 85' lang='lat' dir='ltr'><strong>ben-Cahb</strong></span> <span class='ocrx_word' id='word_1_141' title='bbox 660 1616 871 1669; x_wconf 86' lang='lat' dir='ltr'><strong>appellato</strong></span> <span class='ocrx_word' id='word_1_142' title='bbox 881 1645 898 1671; x_wconf 64' lang='lat'><em>9</em></span> <span class='ocrx_word' id='word_1_143' title='bbox 951 1629 1077 1670; x_wconf 90' lang='lat' dir='ltr'><strong>quum</strong></span> <span class='ocrx_word' id='word_1_144' title='bbox 1123 1615 1230 1655; x_wconf 85' lang='lat' dir='ltr'><strong>duas</strong></span> <span class='ocrx_word' id='word_1_145' title='bbox 1269 1621 1420 1655; x_wconf 80' lang='lat' dir='ltr'><strong>vestes</strong></span> <span class='ocrx_word' id='word_1_146' title='bbox 1459 1615 1685 1670; x_wconf 66' lang='lat' dir='ltr'><strong>pretiosas,</strong></span> 
     </span>
     <span class='ocr_line' id='line_1_20' title="bbox 220 1686 1688 1742; baseline -0.001 -16"><span class='ocrx_word' id='word_1_147' title='bbox 220 1687 370 1739; x_wconf 88' lang='lat' dir='ltr'><strong>quibus</strong></span> <span class='ocrx_word' id='word_1_148' title='bbox 400 1687 573 1727; x_wconf 90' lang='lat' dir='ltr'><strong>indutus</strong></span> <span class='ocrx_word' id='word_1_149' title='bbox 604 1692 707 1742; x_wconf 70' lang='lat' dir='ltr'><strong>erat,</strong></span> <span class='ocrx_word' id='word_1_150' title='bbox 749 1687 805 1727; x_wconf 92' lang='lat' dir='ltr'><strong>illi</strong></span> <span class='ocrx_word' id='word_1_151' title='bbox 833 1687 1064 1739; x_wconf 85' lang='lat' dir='ltr'><strong>postulanti</strong></span> <span class='ocrx_word' id='word_1_152' title='bbox 1094 1687 1194 1726; x_wconf 88' lang='lat' dir='ltr'><strong>dare</strong></span> <span class='ocrx_word' id='word_1_153' title='bbox 1223 1693 1485 1739; x_wconf 67' lang='lat' dir='ltr'><strong>recusasset,</strong></span> <span class='ocrx_word' id='word_1_154' title='bbox 1519 1686 1688 1726; x_wconf 86' lang='lat' dir='ltr'><strong>occisus</strong></span> 
     </span>
     <span class='ocr_line' id='line_1_21' title="bbox 220 1758 1688 1812; baseline -0.003 -11"><span class='ocrx_word' id='word_1_155' title='bbox 220 1765 299 1801; x_wconf 83' lang='lat' dir='ltr'><strong>est.</strong></span> <span class='ocrx_word' id='word_1_156' title='bbox 340 1759 601 1800; x_wconf 86' lang='lat' dir='ltr'><strong>Dhabbahus</strong></span> <span class='ocrx_word' id='word_1_157' title='bbox 622 1766 766 1800; x_wconf 89' lang='lat' dir='ltr'><strong>autem</strong></span> <span class='ocrx_word' id='word_1_158' title='bbox 788 1759 840 1799; x_wconf 92' lang='lat' dir='ltr'><strong>de</strong></span> <span class='ocrx_word' id='word_1_159' title='bbox 863 1759 945 1799; x_wconf 80' lang='lat' dir='ltr'><strong>filio</strong></span> <span class='ocrx_word' id='word_1_160' title='bbox 968 1771 1044 1798; x_wconf 86' lang='lat' dir='ltr'><strong>suo</strong></span> <span class='ocrx_word' id='word_1_161' title='bbox 1062 1771 1230 1812; x_wconf 83' lang='lat' dir='ltr'>semper</span> <span class='ocrx_word' id='word_1_162' title='bbox 1249 1758 1462 1811; x_wconf 52' lang='lat' dir='ltr'><strong>cogitans:</strong></span> <span class='ocrx_word' id='word_1_163' title='bbox 1495 1758 1688 1811; x_wconf 89' lang='lat' dir='ltr'><strong>quoties-</strong></span> 
     </span>
     <span class='ocr_line' id='line_1_22' title="bbox 221 1828 1686 1883; baseline -0.003 -13"><span class='ocrx_word' id='word_1_164' title='bbox 221 1842 390 1883; x_wconf 85' lang='lat' dir='ltr'><strong>cunque</strong></span> <span class='ocrx_word' id='word_1_165' title='bbox 419 1835 548 1870; x_wconf 88' lang='lat' dir='ltr'><strong>noctu</strong></span> <span class='ocrx_word' id='word_1_166' title='bbox 577 1843 666 1870; x_wconf 88' lang='lat' dir='ltr'><strong>rem</strong></span> <span class='ocrx_word' id='word_1_167' title='bbox 695 1831 859 1883; x_wconf 81' lang='lat' dir='ltr'><strong>nigram</strong></span> <span class='ocrx_word' id='word_1_168' title='bbox 889 1829 1068 1883; x_wconf 54' lang='lat' dir='ltr'><strong>videret)</strong></span> <span class='ocrx_word' id='word_1_169' title='bbox 1094 1829 1234 1871; x_wconf 84' lang='lat' dir='ltr'><strong>dicere</strong></span> <span class='ocrx_word' id='word_1_170' title='bbox 1263 1828 1447 1868; x_wconf 82' lang='lat' dir='ltr'><strong>solebat:</strong></span> <span class='ocrx_word' id='word_1_171' title='bbox 1480 1831 1536 1875; x_wconf 55' lang='lat' dir='ltr'><strong>,ol</strong></span> <span class='ocrx_word' id='word_1_172' title='bbox 1568 1830 1686 1876; x_wconf 52' lang='lat' dir='ltr'><strong>wi</strong></span> 
     </span>
    </p>
   </div>
   <div class='ocr_carea' id='block_1_8' title="bbox 219 1909 1686 1966">
    <p class='ocr_par' dir='ltr' id='par_1_8' title="bbox 219 1909 1686 1966">
     <span class='ocr_line' id='line_1_23' title="bbox 219 1909 1686 1966; baseline -0.001 -15"><span class='ocrx_word' id='word_1_173' title='bbox 219 1920 349 1966; x_wconf 45' lang='lat' dir='ltr'><strong>Qu..</strong></span> <span class='ocrx_word' id='word_1_174' title='bbox 380 1912 562 1966; x_wconf 69' lang='lat' dir='ltr'><strong>„Utrum</strong></span> <span class='ocrx_word' id='word_1_175' title='bbox 594 1912 767 1954; x_wconf 84' lang='lat' dir='ltr'><strong>Sahdus</strong></span> <span class='ocrx_word' id='word_1_176' title='bbox 797 1925 850 1952; x_wconf 87' lang='lat' dir='ltr'><strong>an</strong></span> <span class='ocrx_word' id='word_1_177' title='bbox 881 1911 1094 1952; x_wconf 87' lang='lat' dir='ltr'><strong>Soaihdus</strong></span> <span class='ocrx_word' id='word_1_178' title='bbox 1126 1909 1268 1951; x_wconf 56' lang='lat' dir='ltr'><strong>esst-³</strong></span> <span class='ocrx_word' id='word_1_179' title='bbox 1301 1925 1410 1965; x_wconf 86' lang='lat' dir='ltr'><strong>quae</strong></span> <span class='ocrx_word' id='word_1_180' title='bbox 1441 1912 1574 1951; x_wconf 78' lang='lat' dir='ltr'><strong>verba</strong></span> <span class='ocrx_word' id='word_1_181' title='bbox 1602 1924 1686 1966; x_wconf 92' lang='lat' dir='ltr'><strong>po-</strong></span> 
     </span>
    </p>
   </div>
   <div class='ocr_carea' id='block_1_9' title="bbox 222 1995 1688 2832">
    <p class='ocr_par' dir='ltr' id='par_1_9' title="bbox 222 1995 1688 2832">
     <span class='ocr_line' id='line_1_24' title="bbox 224 1995 1687 2048; baseline 0.001 -14"><span class='ocrx_word' id='word_1_182' title='bbox 224 2001 320 2035; x_wconf 87' lang='lat' dir='ltr'><strong>stea</strong></span> <span class='ocrx_word' id='word_1_183' title='bbox 349 1995 388 2034; x_wconf 90' lang='lat' dir='ltr'><strong>in</strong></span> <span class='ocrx_word' id='word_1_184' title='bbox 418 1996 688 2048; x_wconf 83' lang='lat' dir='ltr'><strong>proverbium</strong></span> <span class='ocrx_word' id='word_1_185' title='bbox 717 1995 931 2035; x_wconf 87' lang='lat' dir='ltr'><strong>venientia</strong></span> <span class='ocrx_word' id='word_1_186' title='bbox 961 1995 1013 2035; x_wconf 89' lang='lat' dir='ltr'><strong>de</strong></span> <span class='ocrx_word' id='word_1_187' title='bbox 1042 1995 1156 2035; x_wconf 87' lang='lat' dir='ltr'><strong>felici</strong></span> <span class='ocrx_word' id='word_1_188' title='bbox 1192 2007 1401 2036; x_wconf 87' lang='lat' dir='ltr'><strong>successu</strong></span> <span class='ocrx_word' id='word_1_189' title='bbox 1434 2003 1476 2036; x_wconf 91' lang='lat' dir='ltr'><strong>et</strong></span> <span class='ocrx_word' id='word_1_190' title='bbox 1505 1996 1687 2036; x_wconf 82' lang='lat' dir='ltr'><strong>frustra-</strong></span> 
     </span>
     <span class='ocr_line' id='line_1_25' title="bbox 222 2066 1686 2119; baseline -0.001 -13"><span class='ocrx_word' id='word_1_191' title='bbox 222 2067 332 2107; x_wconf 85' lang='lat' dir='ltr'><strong>tione</strong></span> <span class='ocrx_word' id='word_1_192' title='bbox 384 2066 642 2106; x_wconf 85' lang='lat' dir='ltr'><strong>adhibentur.</strong></span> <span class='ocrx_word' id='word_1_193' title='bbox 720 2067 875 2119; x_wconf 83' lang='lat' dir='ltr'><strong>Aliquo</strong></span> <span class='ocrx_word' id='word_1_194' title='bbox 918 2073 1106 2119; x_wconf 79' lang='lat' dir='ltr'><strong>tempore</strong></span> <span class='ocrx_word' id='word_1_195' title='bbox 1152 2072 1249 2119; x_wconf 77' lang='lat' dir='ltr'><strong>post</strong></span> <span class='ocrx_word' id='word_1_196' title='bbox 1286 2067 1534 2106; x_wconf 83' lang='lat' dir='ltr'><strong>Alhartsum</strong></span> <span class='ocrx_word' id='word_1_197' title='bbox 1577 2067 1686 2105; x_wconf 92' lang='lat' dir='ltr'><strong>ben-</strong></span> 
     </span>
     <span class='ocr_line' id='line_1_26' title="bbox 226 2137 1688 2189; baseline -0.001 -11"><span class='ocrx_word' id='word_1_198' title='bbox 226 2138 347 2178; x_wconf 87' lang='lat' dir='ltr'><strong>Cahb</strong></span> <span class='ocrx_word' id='word_1_199' title='bbox 379 2139 458 2178; x_wconf 89' lang='lat' dir='ltr'><strong>illis</strong></span> <span class='ocrx_word' id='word_1_200' title='bbox 487 2139 682 2178; x_wconf 86' lang='lat' dir='ltr'><strong>vestibus</strong></span> <span class='ocrx_word' id='word_1_201' title='bbox 714 2143 905 2177; x_wconf 90' lang='lat' dir='ltr'><strong>ornatum</strong></span> <span class='ocrx_word' id='word_1_202' title='bbox 935 2138 974 2177; x_wconf 90' lang='lat' dir='ltr'><strong>in</strong></span> <span class='ocrx_word' id='word_1_203' title='bbox 1006 2137 1228 2178; x_wconf 82' lang='lat' dir='ltr'><strong>nundinis.</strong></span> <span class='ocrx_word' id='word_1_204' title='bbox 1262 2149 1371 2189; x_wconf 85' lang='lat' dir='ltr'><strong>quae</strong></span> <span class='ocrx_word' id='word_1_205' title='bbox 1401 2139 1493 2176; x_wconf 93' lang='lat' dir='ltr'><strong>loco</strong></span> <span class='ocrx_word' id='word_1_206' title='bbox 1526 2137 1688 2177; x_wconf 78' lang='lat' dir='ltr'><strong>Ohcats</strong></span> 
     </span>
     <span class='ocr_line' id='line_1_27' title="bbox 224 2209 1688 2262; baseline -0.001 -13"><span class='ocrx_word' id='word_1_207' title='bbox 224 2222 372 2250; x_wconf 88' lang='lat' dir='ltr'><strong>mense</strong></span> <span class='ocrx_word' id='word_1_208' title='bbox 410 2222 534 2250; x_wconf 84' lang='lat' dir='ltr'><strong>sacro</strong></span> <span class='ocrx_word' id='word_1_209' title='bbox 575 2209 858 2262; x_wconf 67' lang='lat' dir='ltr'><strong>habebantur,</strong></span> <span class='ocrx_word' id='word_1_210' title='bbox 899 2209 1207 2248; x_wconf 82' lang='lat' dir='ltr'><strong>Aldhabbalius</strong></span> <span class='ocrx_word' id='word_1_211' title='bbox 1243 2210 1480 2261; x_wconf 82' lang='lat' dir='ltr'><strong>conspexit.</strong></span> <span class='ocrx_word' id='word_1_212' title='bbox 1538 2209 1688 2248; x_wconf 65' lang='lat' dir='ltr'><strong>Virum</strong></span> 
     </span>
     <span class='ocr_line' id='line_1_28' title="bbox 225 2279 1686 2335; baseline -0.001 -15"><span class='ocrx_word' id='word_1_213' title='bbox 225 2281 351 2335; x_wconf 87' lang='lat' dir='ltr'><strong>igitur</strong></span> <span class='ocrx_word' id='word_1_214' title='bbox 380 2281 682 2334; x_wconf 73' lang='lat' dir='ltr'><strong>interrogavit,</strong></span> <span class='ocrx_word' id='word_1_215' title='bbox 715 2279 827 2319; x_wconf 90' lang='lat' dir='ltr'><strong>unde</strong></span> <span class='ocrx_word' id='word_1_216' title='bbox 856 2286 1004 2319; x_wconf 82' lang='lat' dir='ltr'><strong>vestes</strong></span> <span class='ocrx_word' id='word_1_217' title='bbox 1023 2281 1116 2319; x_wconf 86' lang='lat' dir='ltr'><strong>illas</strong></span> <span class='ocrx_word' id='word_1_218' title='bbox 1136 2280 1390 2331; x_wconf 79' lang='lat' dir='ltr'><strong>accepisset.</strong></span> <span class='ocrx_word' id='word_1_219' title='bbox 1431 2279 1686 2332; x_wconf 66' lang='lat' dir='ltr'><strong>Respondit,</strong></span> 
     </span>
     <span class='ocr_line' id='line_1_29' title="bbox 227 2351 1687 2405; baseline -0.001 -12"><span class='ocrx_word' id='word_1_220' title='bbox 227 2365 277 2393; x_wconf 85' lang='lat' dir='ltr'><strong>se</strong></span> <span class='ocrx_word' id='word_1_221' title='bbox 306 2351 620 2391; x_wconf 87' lang='lat' dir='ltr'><strong>adolescentem</strong></span> <span class='ocrx_word' id='word_1_222' title='bbox 657 2351 820 2391; x_wconf 85' lang='lat' dir='ltr'><strong>vidisse</strong></span> <span class='ocrx_word' id='word_1_223' title='bbox 849 2352 1043 2391; x_wconf 85' lang='lat' dir='ltr'><strong>vestibus</strong></span> <span class='ocrx_word' id='word_1_224' title='bbox 1073 2351 1138 2390; x_wconf 93' lang='lat' dir='ltr'><strong>his</strong></span> <span class='ocrx_word' id='word_1_225' title='bbox 1168 2358 1327 2390; x_wconf 76' lang='lat' dir='ltr'><strong>tec-tum</strong></span> <span class='ocrx_word' id='word_1_226' title='bbox 1358 2357 1400 2390; x_wconf 87' lang='lat' dir='ltr'><strong>et</strong></span> <span class='ocrx_word' id='word_1_227' title='bbox 1431 2351 1687 2405; x_wconf 78' lang='lat' dir='ltr'><strong>postulasse,</strong></span> 
     </span>
     <span class='ocr_line' id='line_1_30' title="bbox 227 2422 1687 2477; baseline -0.001 -13"><span class='ocrx_word' id='word_1_228' title='bbox 227 2431 272 2464; x_wconf 93' lang='lat' dir='ltr'><strong>ut</strong></span> <span class='ocrx_word' id='word_1_229' title='bbox 310 2424 388 2477; x_wconf 88' lang='lat' dir='ltr'><strong>ipsi</strong></span> <span class='ocrx_word' id='word_1_230' title='bbox 426 2430 574 2462; x_wconf 86' lang='lat' dir='ltr'><strong>vestes</strong></span> <span class='ocrx_word' id='word_1_231' title='bbox 616 2423 744 2462; x_wconf 87' lang='lat' dir='ltr'><strong>daret.</strong></span> <span class='ocrx_word' id='word_1_232' title='bbox 805 2422 931 2474; x_wconf 81' lang='lat' dir='ltr'><strong>Quod</strong></span> <span class='ocrx_word' id='word_1_233' title='bbox 973 2436 1096 2476; x_wconf 89' lang='lat' dir='ltr'><strong>quum</strong></span> <span class='ocrx_word' id='word_1_234' title='bbox 1137 2423 1280 2463; x_wconf 77' lang='lat' dir='ltr'><strong>facere</strong></span> <span class='ocrx_word' id='word_1_235' title='bbox 1322 2429 1589 2474; x_wconf 72' lang='lat' dir='ltr'><strong>recusasset,</strong></span> <span class='ocrx_word' id='word_1_236' title='bbox 1637 2435 1687 2462; x_wconf 83' lang='lat' dir='ltr'><strong>se</strong></span> 
     </span>
     <span class='ocr_line' id='line_1_31' title="bbox 229 2494 1687 2548; baseline -0.002 -11"><span class='ocrx_word' id='word_1_237' title='bbox 229 2509 323 2537; x_wconf 91' lang='lat' dir='ltr'><strong>eum</strong></span> <span class='ocrx_word' id='word_1_238' title='bbox 361 2495 584 2536; x_wconf 88' lang='lat' dir='ltr'><strong>occidisse.</strong></span> <span class='ocrx_word' id='word_1_239' title='bbox 643 2496 794 2548; x_wconf 62' lang='lat' dir='ltr'><strong>Pater,</strong></span> <span class='ocrx_word' id='word_1_240' title='bbox 836 2508 933 2536; x_wconf 86' lang='lat' dir='ltr'><strong>num</strong></span> <span class='ocrx_word' id='word_1_241' title='bbox 972 2508 1049 2547; x_wconf 68' lang='lat' dir='ltr'><strong>co,</strong></span> <span class='ocrx_word' id='word_1_242' title='bbox 1098 2507 1180 2547; x_wconf 90' lang='lat' dir='ltr'><strong>quo</strong></span> <span class='ocrx_word' id='word_1_243' title='bbox 1220 2495 1382 2534; x_wconf 84' lang='lat' dir='ltr'><strong>cinctus</strong></span> <span class='ocrx_word' id='word_1_244' title='bbox 1422 2506 1494 2535; x_wconf 81' lang='lat' dir='ltr'><strong>es.</strong></span> <span class='ocrx_word' id='word_1_245' title='bbox 1543 2494 1687 2547; x_wconf 82' lang='lat' dir='ltr'><strong>gladio</strong></span> 
     </span>
     <span class='ocr_line' id='line_1_32' title="bbox 231 2564 1684 2619; baseline -0.002 -11"><span class='ocrx_word' id='word_1_246' title='bbox 231 2582 325 2608; x_wconf 89' lang='lat' dir='ltr'><strong>eum</strong></span> <span class='ocrx_word' id='word_1_247' title='bbox 356 2565 545 2607; x_wconf 85' lang='lat' dir='ltr'><strong>occidisti</strong></span> <span class='ocrx_word' id='word_1_248' title='bbox 559 2564 581 2605; x_wconf 69' lang='grc' dir='ltr'><strong>’ἐ</strong></span> <span class='ocrx_word' id='word_1_249' title='bbox 622 2568 909 2618; x_wconf 78' lang='lat' dir='ltr'><strong>interrogavit.</strong></span> <span class='ocrx_word' id='word_1_250' title='bbox 967 2568 1114 2608; x_wconf 83' lang='lat' dir='ltr'><strong>Altero</strong></span> <span class='ocrx_word' id='word_1_251' title='bbox 1147 2580 1232 2608; x_wconf 87' lang='lat' dir='ltr'><strong>rem</strong></span> <span class='ocrx_word' id='word_1_252' title='bbox 1264 2567 1513 2606; x_wconf 80' lang='lat' dir='ltr'><strong>affirmante.</strong></span> <span class='ocrx_word' id='word_1_253' title='bbox 1552 2573 1684 2619; x_wconf 72' lang='lat' dir='ltr'><strong>pater,</strong></span> 
     </span>
     <span class='ocr_line' id='line_1_33' title="bbox 232 2637 1686 2692; baseline -0.002 -13"><span class='ocrx_word' id='word_1_254' title='bbox 232 2647 277 2680; x_wconf 93' lang='lat' dir='ltr'><strong>ut</strong></span> <span class='ocrx_word' id='word_1_255' title='bbox 307 2640 383 2679; x_wconf 86' lang='lat' dir='ltr'><strong>sibi</strong></span> <span class='ocrx_word' id='word_1_256' title='bbox 408 2638 594 2692; x_wconf 85' lang='lat' dir='ltr'><strong>gladium</strong></span> <span class='ocrx_word' id='word_1_257' title='bbox 627 2637 865 2677; x_wconf 81' lang='lat' dir='ltr'><strong>ostenderet</strong></span> <span class='ocrx_word' id='word_1_258' title='bbox 886 2668 896 2680; x_wconf 83' lang='lat'><strong>.</strong></span> <span class='ocrx_word' id='word_1_259' title='bbox 936 2651 985 2677; x_wconf 90' lang='lat' dir='ltr'><strong>se</strong></span> <span class='ocrx_word' id='word_1_260' title='bbox 1015 2639 1122 2677; x_wconf 87' lang='lat' dir='ltr'><strong>enim</strong></span> <span class='ocrx_word' id='word_1_261' title='bbox 1153 2639 1339 2691; x_wconf 75' lang='lat' dir='ltr'><strong>gladium</strong></span> <span class='ocrx_word' id='word_1_262' title='bbox 1371 2645 1540 2677; x_wconf 82' lang='lat' dir='ltr'><strong>acutum</strong></span> <span class='ocrx_word' id='word_1_263' title='bbox 1571 2650 1686 2690; x_wconf 78' lang='lat' dir='ltr'><strong>esse,</strong></span> 
     </span>
     <span class='ocr_line' id='line_1_34' title="bbox 230 2708 1686 2765; baseline -0.003 -14"><span class='ocrx_word' id='word_1_264' title='bbox 230 2717 394 2765; x_wconf 71' lang='lat' dir='ltr'><strong>putare,</strong></span> <span class='ocrx_word' id='word_1_265' title='bbox 426 2708 616 2762; x_wconf 84' lang='lat' dir='ltr'><strong>rogavit.</strong></span> <span class='ocrx_word' id='word_1_266' title='bbox 652 2715 694 2747; x_wconf 86' lang='lat' dir='ltr'><strong>ct</strong></span> <span class='ocrx_word' id='word_1_267' title='bbox 723 2715 946 2760; x_wconf 82' lang='lat' dir='ltr'><strong>acceptum</strong></span> <span class='ocrx_word' id='word_1_268' title='bbox 977 2708 1163 2762; x_wconf 78' lang='lat' dir='ltr'><strong>gladium</strong></span> <span class='ocrx_word' id='word_1_269' title='bbox 1193 2720 1371 2749; x_wconf 80' lang='lat' dir='ltr'><strong>movens</strong></span> <span class='ocrx_word' id='word_1_270' title='bbox 1402 2715 1443 2747; x_wconf 82' lang='lat' dir='ltr'><strong>et</strong></span> <span class='ocrx_word' id='word_1_271' title='bbox 1474 2709 1686 2760; x_wconf 72' lang='lat' dir='ltr'><strong>prover-bii</strong></span> 
     </span>
     <span class='ocr_line' id='line_1_35' title="bbox 232 2779 1686 2832; baseline -0.001 -11"><span class='ocrx_word' id='word_1_272' title='bbox 232 2783 363 2822; x_wconf 88' lang='lat' dir='ltr'><strong>verba</strong></span> <span class='ocrx_word' id='word_1_273' title='bbox 393 2781 538 2821; x_wconf 85' lang='lat' dir='ltr'><strong>diceus</strong></span> <span class='ocrx_word' id='word_1_274' title='bbox 568 2792 664 2819; x_wconf 85' lang='lat' dir='ltr'><strong>eum</strong></span> <span class='ocrx_word' id='word_1_275' title='bbox 695 2779 859 2820; x_wconf 84' lang='lat' dir='ltr'><strong>occidit.</strong></span> <span class='ocrx_word' id='word_1_276' title='bbox 921 2780 1196 2820; x_wconf 84' lang='lat' dir='ltr'><strong>Adstantibus</strong></span> <span class='ocrx_word' id='word_1_277' title='bbox 1233 2787 1396 2821; x_wconf 85' lang='lat' dir='ltr'><strong>autem.</strong></span> <span class='ocrx_word' id='word_1_278' title='bbox 1440 2781 1507 2832; x_wconf 87' lang='lat' dir='ltr'><strong>qni</strong></span> <span class='ocrx_word' id='word_1_279' title='bbox 1540 2792 1686 2819; x_wconf 82' lang='lat' dir='ltr'><strong>mense</strong></span> 
     </span>
    </p>
   </div>
  </div>
 </body>
</html>
