1771 3072
760 132 1063 174 *246*

176 257 345 315 „mam
367 249 478 323 0⁶23
511 257 621 310 Aug.
651 255 817 296 Sensus
845 267 928 294 non
957 253 1132 294 multum
1162 251 1358 292 variatur.
1403 246 1513 289 conf.
1558 245 1648 289 Sae-

177 342 394 383 machsch.
423 342 560 382 Poeta
587 339 860 394 proverbium
891 337 1038 378 versui
1065 335 1252 375 inseruit:

179 433 591 525 βψω
623 432 737 517 251222
774 432 927 524 πῶς»
966 436 1159 519 ww
1193 446 1331 489 Q>
1368 420 1520 518 021³:
1555 442 1647 511 <sa

176 575 449 629 „Contentus
489 577 583 612 esto
623 571 732 611 tritis
760 570 980 622 vestibus,
1021 568 1117 609 dum
1160 580 1296 607 novas
1326 565 1571 618 assequeris
1602 570 1646 605 et

233 658 310 686 esu
339 644 534 685 adhibitis
562 641 745 681 dentium
776 639 1128 692 extremitatibus,
1158 638 1295 677 donec
1325 650 1399 690 per
1425 649 1546 676 esum
1565 649 1649 675 ex-

240 715 386 758 tremis
417 714 614 755 dentibus
645 712 697 753 ad
729 725 846 751 esum
877 716 965 750 toto
998 724 1069 750 ore
1098 705 1370 762 pervenias.“

287 805 458 844 Versus
502 807 682 843 metrum
715 801 879 841 Thawii
905 805 985 839 est.
1017 810 1054 839 c.
1084 800 1110 840 1.
1141 812 1195 837 m.
1224 812 1262 850 p.
1306 797 1395 838 161.
1455 797 1648 836 Prover-

177 876 232 916 bii
270 880 413 915 autem
453 886 610 914 sensus
640 879 731 914 est:
791 872 965 912 Leniter
993 869 1161 924 agendo
1199 867 1251 909 ad
1284 869 1411 922 longe
1439 876 1648 909 remotum

178 948 303 996 finem
332 945 502 987 tandem
517 945 803 999 pervenimus.
835 943 948 984 conf.
979 943 1102 985 Kam.
1136 942 1339 995 Djeuhar.
1370 954 1410 981 v.
1441 939 1650 1005 „mv—2

584 1023 681 1115 ’Oro
792 1045 995 1064 “020ae

573 1044 1105 1147 33⁴3&st
1201 1079 1252 1128 vv

183 1234 259 1277 17.
334 1229 430 1274 lam
468 1227 683 1275 camelus
720 1227 936 1275 camelae
971 1225 1136 1274 similis
1172 1226 1333 1273 factus
1371 1237 1458 1273 est.

234 1332 358 1386 Sunt,
393 1333 463 1386 qui
492 1333 759 1385 proverbium
790 1333 1031 1373 'l'harafaho
1063 1333 1141 1371 ben
1162 1332 1360 1371 -Atahbd
1397 1332 1654 1375 adscribant.

176 1403 386 1457 Narrant,
437 1410 606 1455 poetam
645 1403 986 1456 Almosajjebum
1027 1403 1297 1443 ben-Alilas
1344 1404 1456 1456 apud
1504 1417 1649 1458 regem

177 1476 374 1515 versibus
404 1477 613 1516 camelum
642 1476 701 1515 ita
732 1475 1036 1529 descripsisse,
1066 1482 1109 1515 ut
1140 1478 1328 1516 camelae
1346 1477 1493 1516 similis
1523 1483 1652 1516 esset.

175 1547 302 1588 Hanc
351 1552 491 1586 autem
544 1560 718 1587 causam
758 1548 916 1601 fuisse,
965 1559 1039 1587 cur
1085 1548 1354 1588 'Pharasahus
1396 1549 1477 1588 ista
1520 1550 1652 1589 verba

178 1618 344 1660 dixerit.
402 1618 485 1657 Alii
530 1618 697 1671 dicunt,
757 1624 926 1671 poetam
957 1620 1377 1660 Almotalammesum
1421 1633 1572 1661 versus
1615 1623 1654 1661 in

179 1697 311 1744 gente
351 1690 457 1729 Kais
497 1690 868 1729 ben-'l'sahlebah
919 1691 1107 1744 dixisse,
1151 1691 1246 1732 dum
1303 1692 1572 1734 Tharafahus
1612 1694 1652 1734 in

179 1763 409 1815 propinquo
440 1773 534 1801 cum
573 1762 712 1814 pueris
744 1762 854 1801 lusui
885 1761 1051 1802 deditus
1090 1770 1231 1818 esset,
1266 1771 1306 1804 et
1345 1777 1471 1816 quum
1503 1767 1655 1806 Aimo-

182 1834 458 1873 talammesus
498 1833 578 1872 isto
616 1832 739 1872 modo
770 1833 979 1872 camelum
1010 1833 1334 1888 descripsisset,
1366 1836 1656 1878 Tharafahnm

180 1905 263 1944 ista
310 1904 444 1944 verba
481 1903 653 1943 dixisse.
712 1904 881 1944 Versus
927 1904 1025 1944 vide
1061 1905 1173 1957 apud
1221 1906 1406 1946 Reisk.
1448 1910 1654 1963 prolog.

181 1976 243 2016 ad
273 1976 555 2016 Tharafam
587 1989 625 2028 p.
661 1976 748 2015 144.
781 1981 830 2015 et
861 1977 1178 2016 cLVullersi
1209 1979 1602 2020 Moallak-Tharaf.
1619 1996 1659 2035 p.

181 2047 223 2087 3.
242 2047 593 2088 Abu-Obbaidus
624 2047 742 2099 dixit,
775 2049 1042 2100 proverbium
1062 2049 1321 2103 significare,
1336 2064 1405 2091 res
1425 2053 1658 2104 permixtas

183 2123 227 2158 et
257 2119 461 2158 confusas
492 2130 603 2158 esse.

926 2210 1047 2231 2³)

639 2210 703 2335 [ξέ
708 2231 736 2290 b
789 2263 878 2334 (ὁὶ
921 2247 1054 2313 &9033
1155 2247 1198 2294 ῐΛ

184 2387 258 2431 18.
331 2383 510 2430 Ducite
534 2401 662 2441 eum,
701 2384 851 2431 dum
842 2404 887 2431 in
913 2403 1074 2450 genna
1097 2389 1397 2453 procumbit,
1429 2402 1653 2445 mecum!

296 2490 507 2542 Narrant,
548 2490 761 2530 mulhrem
813 2491 1019 2530 camelum
1060 2492 1098 2531 in
1135 2505 1274 2545 genua
1312 2497 1655 2547 procumbentem

188 2561 519 2608 conscendisse,
561 2569 603 2601 et
634 2575 759 2614 quum
806 2563 843 2601 ei
876 2564 1103 2605 iumentum
1136 2567 1427 2608 conscendere
1456 2571 1660 2624 placeret,

186 2635 270 2675 ista
299 2635 432 2674 verba
461 2634 645 2687 dixisse,
678 2648 788 2687 quae
818 2637 1026 2688 proverbii
1057 2639 1150 2677 loco
1180 2639 1231 2678 de
1261 2652 1312 2678 eo
1346 2640 1551 2696 dicuntur,
1582 2645 1652 2697 qui

184 2709 383 2750 mollioris
410 2708 527 2748 vitae
558 2709 906 2751 consuetudinem
925 2710 1038 2750 haud
1070 2718 1234 2763 nactus,
1259 2715 1370 2754 molli
1401 2716 1490 2756 vita
1520 2718 1656 2758 utitur.
