1771 3072
802 109 850 114 —-
911 87 1102 127 594-

225 211 315 250 eius
345 217 555 251 secretum
586 209 798 264 divulgas,
829 210 880 248 ab
911 210 1004 249 eius
1037 209 1211 262 perfidia
1249 221 1430 250 securus
1472 221 1573 250 esse
1614 223 1697 249 non

224 290 347 334 potes
378 283 485 321 etsi
518 283 607 320 eius
638 280 834 320 mandato
873 281 1160 334 inobsoquens
1204 294 1275 336 es,
1316 283 1405 321 eius
1445 287 1598 334 pectus
1636 283 1697 321 ira

231 353 449 392 accendis.
481 354 588 392 Tum
619 365 786 405 quoque
816 365 938 401 cave,
971 366 1024 392 ne
1056 353 1166 392 laeta
1197 355 1276 407 sis,
1307 366 1435 406 quum
1460 357 1552 405 ipse
1579 365 1702 392 moe-

224 429 318 463 stus
346 429 429 476 est,
453 428 496 462 et
523 423 665 476 (fuge)
695 422 917 475 tristitiam,
942 435 1067 475 quum
1090 425 1182 476 ipse
1205 425 1340 463 laetus
1370 430 1447 463 est.
1479 425 1598 463 Prior
1616 437 1698 463 au-

225 501 308 534 tem
339 495 574 547 proprietas
606 494 808 533 cohaeret
841 506 937 533 cum
969 507 1037 548 eo,
1083 495 1194 547 quod
1223 495 1377 548 minus,
1409 507 1533 547 quarn
1566 494 1697 535 debe-

175 566 179 574 ’
224 578 335 617 mus,
375 566 578 618 facimuS,
621 566 829 617 posterior
867 577 963 605 cum
1007 578 1082 618 eo,
1144 566 1254 618 quod
1293 568 1424 606 vitam
1466 567 1698 606 turbamus,

225 637 374 690 Magni
403 650 501 677 eum
528 650 698 689 semper
730 638 864 691 habe,
897 643 942 676 ut
962 638 1121 677 honore
1151 644 1192 677 te
1208 634 1400 677 adficiat!
1435 638 1572 689 Quam
1605 651 1700 678 ma«-

232 710 347 748 xime
377 720 474 748 cum
506 721 556 747 eo
588 708 850 760 consentias,
883 713 928 747 ut
957 714 999 748 te
1030 708 1333 761 benignissime
1362 715 1528 748 tractet.
1574 709 1701 750 Scias

229 784 388 832 autem,
421 778 630 818 desiderio
662 785 733 818 tuo
807 780 858 818 ab
901 793 950 818 eo
989 786 1030 818 te
1062 793 1144 818 non
1185 781 1408 832 potituram
1441 793 1565 832 esse,
1623 781 1702 819 nisi

226 852 319 890 eius
348 851 611 890 voluntatem
640 857 750 903 tuae,
783 852 958 903 eiusque
988 851 1258 903 cupiditatem
1292 853 1330 890 in
1363 866 1438 904 eo,
1480 852 1590 904 quod
1616 865 1697 891 cu-

225 924 291 976 pis
321 929 396 963 aut
424 923 551 974 nolis,
580 928 680 962 tuae
711 923 942 975 praeferas.
1008 925 1126 979 Deus
1156 929 1296 962 autem
1330 923 1516 968 efficiat,
1550 931 1596 963 ut
1627 937 1701 963 re-

226 1001 339 1035 ctum
372 988 561 1047 eligasl')
619 995 701 1033 His
722 994 864 1033 verbis
892 994 1018 1033 finitis
1043 993 1227 1034 deducta
1267 994 1543 1034 honorificum
1585 994 1696 1047 apud

230 1081 321 1106 eum
353 1067 582 1117 occupavit
612 1065 763 1104 locum.
834 1067 1010 1118 Septem
1041 1072 1139 1117 post
1170 1079 1263 1105 enm
1296 1073 1524 1118 regnantes
1558 1067 1598 1105 in
1629 1080 1702 1106 re-

229 1139 356 1191 gione
385 1139 541 1178 Jemen
570 1151 697 1192 reges
728 1151 784 1177 ex
813 1152 864 1177 ea
893 1139 977 1177 nati
1010 1143 1120 1177 sunt.
1154 1137 1504 1178 Abu-Olibaidus
1532 1139 1631 1204 ὁὶ»
1669 1141 1701 1179 Lo

227 1223 286 1261 ita
316 1222 571 1273 enunciavit,
603 1228 649 1261 ut
677 1221 721 1264 ό
755 1223 974 1261 masculini
995 1223 1165 1274 generis
1196 1223 1264 1271 sit3
1287 1221 1418 1260 verba
1448 1226 1589 1260 autem
1613 1221 1695 1259 Al-

228 1303 478 1356 nabeghaho
539 1303 790 1355 Aldsobjani
848 1304 1034 1342 tribuens
1090 1303 1305 1342 lhzamum
1364 1302 1698 1342 ben—Schahbar

230 1376 346 1429 regis
379 1375 633 1415 Alnohmani
663 1375 965 1414 cubicularium
995 1374 1078 1412 hoc
1100 1373 1536 1425 versuintcrroganti,
1565 1386 1701 1424 quae-

229 1461 325 1488 nam
355 1449 471 1501 regis
504 1447 669 1501 aegroti
710 1447 892 1487 conditio
933 1452 1063 1486 esset.
1124 1445 1199 1485 Sic
1239 1456 1408 1497 quoque
1446 1445 1485 1483 in
1523 1444 1700 1484 Kamusi

231 1531 359 1569 opere
393 1519 559 1570 legitur.

824 1594 841 1601 α
944 1584 966 1609 9

452 1601 569 1716 532>
621 1600 765 1688 ἐμὲ
814 1608 866 1683 Ξῖ
916 1601 1060 1704 ψῖἷ)
1111 1622 1190 1706 65
1246 1609 1293 1681 L}
1394 1638 1442 1685 ις’*

239 1760 311 1804 13.
382 1757 489 1803 Non
531 1767 602 1803 ost
639 1755 758 1803 mihi
796 1760 980 1802 crimen
1027 1767 1222 1821 praeter
1262 1758 1446 1801 crimen
1486 1755 1700 1802 Zohrae.

362 1841 439 1918 ἐξ)
475 1864 517 1897 et.
538 1839 617 1921 ἑ
654 1857 797 1907 (Zahr
830 1863 872 1896 et
899 1857 1041 1904 Zohr)
1073 1870 1161 1895 vox
1193 1856 1452 1896 ‹leclinabilis
1493 1864 1535 1896 et
1577 1856 1699 1896 inde-

235 1933 439 1974 clinabilis
468 1947 619 1973 nomen
648 1932 758 1972 filiae
787 1933 995 1971 Lokmani
1026 1929 1144 1974 estf)
1203 1933 1451 1972 Loknianus
1494 1946 1590 1972 cum
1618 1934 1700 1972 filio

234 2015 313 2043 suo
328 2004 532 2044 Lokainio
549 2003 795 2056 praedatum
815 2005 1032 2055 profectus
1064 2005 1200 2043 multis
1224 2005 1397 2043 camelis
1424 2006 1580 2057 potitus
1601 2012 1703 2044 erat.

236 2076 470 2115 Lokaimus
502 2089 625 2129 quum
664 2081 762 2115 ante
806 2076 1071 2115 liokmanum
1116 2075 1284 2114 domum
1325 2089 1528 2116 reversus
1567 2083 1703 2129 esset,

238 2146 383 2187 Zohra
414 2161 538 2187 unum
572 2160 626 2186 ex
658 2148 749 2186 eius
781 2147 954 2186 camelis
986 2149 1205 2199 mactavit.
1244 2154 1287 2185 ut
1319 2149 1422 2200 patri
1453 2148 1591 2187 cibum
1623 2160 1704 2200 pa-

238 2224 361 2256 raret.
422 2218 694 2271 Lokmauus,
754 2219 823 2269 qui
864 2217 1001 2256 odium
1047 2219 1085 2256 in
1142 2218 1393 2257 Lokainiuni
1433 2225 1705 2271 conceperat,

239 2289 348 2340 quod
379 2296 475 2328 ante
504 2291 638 2341 ipsum
664 2288 833 2328 domum
866 2295 1056 2341 venerat,
1089 2289 1198 2327 filiae
1229 2290 1375 2341 alapas
1407 2289 1533 2328 duxit.
1583 2290 1705 2329 Haec

239 2366 379 2398 autem
411 2361 564 2399 iniusta
610 2373 745 2412 poena
786 2361 824 2398 in
866 2360 1077 2412 proverbii
1119 2360 1464 2400 cousuetudinem
1505 2362 1621 2399 venit
1665 2367 1707 2400 et

239 2431 373 2469 verba
403 2431 442 2468 in
474 2443 567 2468 cum
608 2431 834 2482 dicuntur,
877 2431 945 2481 qui
984 2443 1057 2482 pro
1099 2432 1304 2470 beneficio
1345 2444 1456 2470 noxa
1497 2430 1703 2470 adficitur.

241 2501 359 2540 Dixit
391 2500 615 2540 Chaffafus
646 2500 963 2541 ben-Nodbah:

267 2614 304 2646 Ι)
329 2612 606 2644 Annon-tationes
639 2613 704 2643 hac
737 2613 906 2653 leguntur
937 2621 1076 2652 quoque=
1111 2613 1142 2643 in
1175 2613 1459 2644 Chrestoniathia
1489 2622 1568 2644 men
1608 2622 1703 2645 nova

336 2678 366 2708 Ρ.
391 2664 443 2701 Ἵῐ”
467 2676 515 2707 ες,

265 2725 302 2761 2)
331 2726 366 2754 ιη
395 2722 535 2753 Κηιῃιιςί
562 2728 671 2759 opero
697 2728 773 2750 enm
802 2721 973 2751 Lokmani
1000 2731 1161 2754 sororem
1188 2723 1297 2753 fuisse
1324 2723 1483 2762 legimus.
