1771 3072
806 106 1104 149 —738—

227 232 419 272 homines
448 229 827 270 Ahbd-Almalico
860 229 1185 269 ben-Merwan
1216 227 1440 268 ohalifatus
1468 227 1683 280 principa-

230 309 318 343 tum
349 301 636 352 tradidissent,
670 301 869 353 impetum
899 301 1073 341 fecisse.
1128 299 1547 340 Ahbd-Alahsisum
1577 300 1683 339 ben-

227 376 447 427 Merwan7
489 374 608 413 cuius
637 380 771 413 mater
804 373 939 427 Lassa,
970 373 1051 413 filia
1085 372 1293 412 Alahbahi
1322 372 1620 426 ben-Sabban7
1660 385 1683 410 e

228 451 360 499 gente
391 445 497 485 Calb
528 444 699 484 oriunda
730 450 870 496 esset,
910 444 1109 497 gaudium
1137 458 1191 483 ex
1222 456 1273 483 ea
1301 457 1348 482 re
1379 444 1683 495 concipientem

228 517 347 557 fratri
384 529 460 557 suo
498 517 676 568 Bischr9
715 518 838 556 cuius
877 523 1010 556 mater
1046 515 1247 555 Kothbah
1285 515 1369 555 filia
1396 515 1549 554 Bischr
1576 515 1684 553 ben-

230 589 363 629 Malic
392 587 679 640 ben-Djahfar
709 593 846 640 esset7
877 587 1054 640 dixisse,
1085 587 1227 626 scisne
1257 585 1353 639 quid
1383 586 1580 625 avunculi
1603 585 1685 624 mei

229 661 451 700 avunculis
491 661 576 700 tuis
615 657 825 699 fecerint?
868 659 1091 699 Bischrum
1130 659 1438 711 interrogasse:
1481 670 1683 710 quaenam

228 744 301 772 res
332 737 473 786 esset>
512 739 555 771 et
585 745 710 784 quum
747 733 851 771 alter
888 744 975 770 rem
1017 731 1313 783 exposuisset,
1354 730 1467 769 illum
1504 729 1683 769 dixisse:
1731 756 1735 759 -

225 805 341 844 illam
376 817 465 843 rem
496 804 691 843 avunculi
719 804 780 842 tui
811 802 1014 855 perficere
1044 815 1125 841 non
1155 803 1393 841 valuerunt.
1436 801 1685 841 Advenisse

227 881 370 915 autem
407 876 574 927 legatos
608 875 747 927 gentis
775 873 1133 913 Banu-Fesarah
1161 872 1214 912 ad
1244 873 1683 924 Ahbd-Almalicum,⁹

229 947 301 1001 qui
330 952 560 1001 narrarent,
582 947 833 986 Horaitsum
861 944 1151 997 ben-Badjdal
1177 945 1386 985 Calbitam
1416 946 1466 984 iis
1495 946 1682 985 nuntium

225 1019 487 1072 principatus
526 1017 894 1058 Ahbd—Almalici
933 1017 1138 1057 adtulisse
1179 1023 1221 1056 et
1260 1029 1386 1069 quum
1425 1028 1475 1056 se
1513 1016 1685 1069 imperio

228 1091 514 1131 subiecissent
546 1096 588 1129 et
617 1089 755 1130 securi
784 1090 990 1143 fuissent,
1029 1088 1220 1129 Calbitae
1251 1089 1448 1140 impetum
1476 1088 1685 1128 facientes

228 1165 373 1216 plures
400 1175 525 1215 quam
547 1162 847 1215 quinquaginta
868 1162 986 1200 viros
1019 1161 1240 1201 occidisse.
1279 1160 1685 1200 Ahbd-Almalicum

228 1248 276 1274 re
306 1234 463 1288 audita,
483 1233 695 1273 dimidium
724 1233 862 1286 pretii,
893 1232 1006 1286 quod
1034 1246 1109 1285 pro
1129 1232 1262 1271 caede
1282 1232 1530 1272 solvendum
1552 1239 1683 1287 esset.

227 1306 373 1345 statim
402 1305 505 1357 ipsis
535 1304 727 1356 dedisse3
758 1317 866 1344 anno
893 1310 1031 1344 autem
1056 1310 1260 1356 sequente
1278 1304 1452 1344 alterum
1474 1304 1686 1345 dimidium

227 1391 279 1417 se
308 1377 358 1416 iis
388 1377 579 1416 daturum
611 1389 728 1429 esse,
760 1377 1022 1428 promisisse.
1082 1376 1220 1427 Quum
1254 1376 1310 1414 illi
1340 1377 1568 1418 exiissent.
1608 1377 1686 1416 Bi-

228 1450 402 1489 schrum
432 1450 749 1489 ben-Merwan
781 1449 888 1489 clam
917 1450 980 1488 eis
1010 1449 1233 1500 pecuniam
1263 1448 1455 1503 dedisse,
1493 1455 1539 1487 ut
1568 1461 1684 1488 arma

229 1528 276 1562 et
305 1535 440 1576 equos
469 1528 657 1562 emerent
687 1527 730 1561 et
759 1522 798 1561 in
829 1527 1000 1575 gentem
1032 1521 1137 1562 Calb
1177 1522 1228 1560 ob
1267 1521 1435 1561 occisos
1464 1521 1684 1561 Fesaritas

226 1595 514 1647 irrumperent.
575 1593 680 1633 Cum
711 1593 793 1633 ista
830 1598 959 1645 gente
991 1598 1075 1632 tum
1106 1592 1146 1631 in
1175 1593 1269 1632 loco
1298 1592 1573 1632 Benat-Kain
1603 1604 1684 1644 ap-

227 1666 383 1719 pellato
415 1677 490 1704 eos
521 1664 768 1704 occurrisse.
826 1665 986 1703 Multos
1017 1663 1208 1703 Calbitas
1246 1664 1413 1702 occisos
1449 1675 1562 1702 esse.
1621 1663 1687 1703 Re

227 1744 403 1790 peracta
431 1736 652 1776 Bischrum
685 1737 1003 1776 ben-Merwan
1032 1742 1236 1788 tempore,
1267 1748 1347 1788 quo
1376 1735 1686 1775 Ah'nd-Alah-

230 1811 348 1849 sisus
378 1808 490 1861 apud
519 1807 923 1848 Ahbd-Almalicum
955 1813 1093 1858 esset,
1125 1808 1343 1847 intrantem
1373 1807 1685 1846 Ahbd-Alah-

228 1882 318 1921 siso
350 1881 529 1920 dixisse:
571 1880 737 1933 scisne,
777 1879 873 1933 quid
913 1879 1111 1919 avunculi
1141 1880 1222 1918 mei
1252 1880 1472 1919 avunculis
1504 1880 1586 1918 tuis
1617 1879 1686 1918 se-

231 1949 397 1992 corint?
439 1951 863 1991 Ahbd-Almalicum
905 1957 1045 1990 autem
1082 1964 1126 1989 re
1162 1950 1303 1990 audita
1340 1964 1494 2004 magna
1531 1952 1570 1990 in
1610 1963 1686 1990 eos

229 2026 291 2063 ira
322 2023 553 2075 exarsisse,
585 2022 697 2074 quod
728 2022 851 2062 fidem
882 2023 1136 2074 violassent.
1175 2029 1217 2061 et
1245 2023 1465 2075 pecuniam
1497 2024 1685 2062 sumsis-

231 2102 348 2148 sent,
380 2101 422 2134 et
453 2094 755 2147 Alhadjdjadjo
784 2096 1043 2147 imperasse,
1072 2099 1139 2145 ut,
1172 2095 1516 2134 Ebu-Alsobairo
1553 2095 1684 2146 victo,

230 2174 376 2207 contra
415 2173 587 2219 gentem
627 2165 986 2205 Banu-Fesarah
1026 2166 1373 2217 proficisceretur.
1442 2167 1684 2218 Antequam

231 2237 561 2289 Alliadjdjadjus
593 2237 727 2276 iussui
761 2237 1040 2288 satisfaceret,
1072 2237 1244 2274 venisse
1273 2236 1326 2276 ad
1357 2250 1449 2276 eum
1479 2237 1684 2277 llellwla-

232 2311 331 2349 lium
362 2309 593 2348 ben-Kais
633 2315 673 2348 et
705 2308 906 2349 Siiihduni
938 2308 1187 2347 ben-Aban
1218 2308 1579 2361 ben-Ohjainah,
1619 2311 1684 2361 qni

232 2382 370 2435 gentis
408 2381 614 2432 principes
652 2386 819 2430 essent,
861 2392 908 2418 se
945 2380 1004 2418 rei
1042 2386 1238 2418 auctores
1271 2381 1545 2429 confitentes5
1583 2392 1685 2420 cae-

233 2461 350 2493 teros
375 2465 472 2492 esse
493 2453 694 2492 insontes.
724 2454 768 2491 l'n
788 2452 957 2491 vincula
979 2452 1103 2505 igitur
1122 2451 1296 2492 traditos
1316 2451 1365 2491 ad
1380 2452 1685 2493 Ahbd-Alma-

234 2527 355 2566 licum
386 2525 540 2563 missos
571 2536 680 2562 esse.
721 2523 1127 2563 Ahbd—Almalicum
1155 2536 1228 2563 eos
1258 2524 1472 2564 videntem
1503 2524 1683 2564 dixisse:

236 2597 354 2636 Laus
385 2596 439 2635 sit
466 2596 581 2646 Deo,
620 2595 688 2645 qui
723 2595 842 2634 nobis
882 2608 906 2635 a
943 2601 984 2634 te
1022 2595 1248 2635 vindictam
1294 2597 1540 2635 sumendam
1577 2608 1683 2636 con-

237 2662 386 2707 cessit!
416 2666 694 2706 llellielalnnu
723 2667 1019 2720 respondisse:
1048 2668 1165 2707 Deus
1201 2681 1226 2708 a
1255 2681 1322 2708 me
1348 2668 1575 2707 vindictam
1606 2681 1682 2707 su-

236 2741 428 2782 mendum
464 2754 546 2782 uon
584 2740 821 2793 concessit,
864 2740 937 2780 sed
978 2753 1060 2795 ego
1099 2741 1329 2782 vindictam
1367 2755 1503 2782 meam
1537 2741 1681 2782 sumsi.
