1771 3072
762 94 1067 137 -202-

226 231 314 272 Vix
327 231 473 272 salvus
485 229 635 270 evasit.
644 227 866 269 Proverbii
886 227 1088 281 originem
1099 225 1211 266 hanc
1222 225 1358 266 fuisse
1370 232 1550 266 narrant.
1565 226 1646 266 Vir

180 303 347 358 quidam
378 308 548 355 arrepta
579 300 717 341 cauda
745 300 953 340 camelum
984 312 1108 351 quum
1137 305 1314 351 teneret,
1354 300 1542 338 camelus
1571 311 1645 337 re-

179 376 290 414 lictis
319 376 361 413 in
390 387 515 414 manu
547 372 728 412 tenentis
758 372 851 424 pilis
881 372 1059 425 aufugit.
1119 369 1511 411 Scharaf-Aldinus
1537 371 1642 409 Mo-

180 446 454 498 ahwijjahum
486 443 875 496 ben-Abi-Sofijan
913 442 1122 494 proverbii
1151 448 1369 481 auctorem
1398 454 1497 480 esse
1528 441 1645 480 dixit.

179 519 298 558 Dixit
332 518 440 558 haee
482 517 638 570 verba,
685 529 812 570 quum
855 516 1059 569 legatum,
1093 527 1220 566 quem
1257 513 1310 552 ad
1350 515 1646 566 imperatorem

181 586 442 630 Graecorum
471 589 672 641 misisset,
703 588 872 627 salvum
903 586 1182 638 conspiceret.
1213 583 1368 625 Conf.
1399 584 1512 624 doct.
1532 585 1645 624 Ber-

180 660 324 701 theaui
353 661 440 700 libr.
469 673 508 712 p.
540 660 604 699 16.
635 664 738 699 text.
768 664 810 698 et
838 658 960 697 Kam.
987 675 1109 713 ρ.

713 792 859 880 5425
910 791 1007 866 [255
1096 819 1121 869 ss

185 988 260 1034 11.
331 981 400 1030 Os
436 984 539 1030 eius
575 984 648 1030 ori
682 985 792 1030 tuo!

293 1093 404 1132 Male
433 1093 646 1145 precando
677 1093 911 1133 inserviunt
939 1094 1084 1134 verba.
1142 1093 1487 1134 Abu-Obbaidus
1528 1092 1646 1148 dixit,

175 1165 387 1218 proverbii
417 1176 592 1204 sensum
624 1176 746 1204 esse:
779 1165 941 1205 „Ponat
972 1165 1011 1203 in
1051 1178 1123 1204 ore
1173 1171 1245 1204 tuo
1294 1166 1412 1205 Deus
1463 1171 1642 1204 terrama

176 1247 528 1300 quemadmodum
558 1246 742 1286 dicatur:
764 1226 858 1313 ,ἐς
894 1248 1016 1301 &ema
1077 1249 1132 1286 ln
1164 1260 1255 1287 ore
1286 1254 1379 1287 tuo
1410 1248 1552 1300 lapis
1583 1248 1650 1287 sit

177 1337 220 1371 et
248 1329 383 1387 &1335
421 1330 528 1386 Q?
599 1331 681 1369 „In
722 1344 814 1370 ore
854 1337 942 1370 tuo
972 1330 1085 1369 sint
1123 1336 1268 1369 terra
1312 1335 1364 1368 et
1415 1329 1645 1381 lapides.

174 1413 338 1453 Horum
377 1414 604 1453 verborum
652 1425 827 1453 sensum
865 1425 984 1453 esse:
1027 1412 1122 1451 Tibi
1161 1413 1215 1451 sit
1253 1412 1481 1452 frustratio.
1521 1413 1643 1453 Alius

174 1485 345 1538 quidam
373 1485 491 1539 dixit,
525 1483 594 1529 wis
626 1498 681 1525 os
713 1486 829 1525 eius
859 1485 1159 1537 metonymiam
1190 1497 1304 1537 esse,
1324 1497 1404 1537 qua
1426 1486 1644 1538 terrasig-

174 1568 430 1622 nificaretur,
463 1582 590 1622 quum
621 1583 669 1610 os
699 1576 837 1609 terrae
867 1569 1023 1608 humus
1056 1574 1188 1621 esset,
1221 1581 1303 1620 qua
1325 1582 1434 1620 aqna
1464 1569 1644 1608 imbibe-

173 1644 298 1678 retur.
338 1639 446 1678 Sunt
476 1646 631 1693 autem,
663 1642 731 1693 qui
764 1640 917 1694 dicant,
954 1653 1026 1678 ore
1057 1640 1145 1679 eius
1168 1639 1397 1691 significari
1428 1651 1476 1678 os
1507 1639 1643 1678 infor-

174 1709 288 1763 tunii,
323 1716 368 1750 ut
398 1722 554 1750 sensus
585 1711 796 1762 proverbii
838 1711 912 1749 sit:
972 1711 1093 1749 Deus
1135 1721 1183 1748 os
1224 1709 1433 1748 infortunii
1472 1722 1530 1748 ori
1571 1716 1642 1749 tuo

172 1780 393 1824 immittat!
425 1794 508 1834 qua
538 1782 752 1822 frustratio
784 1781 1112 1834 significaretur.
1171 1781 1362 1821 Verbum
1395 1784 1504 1835 μς.
1535 1793 1644 1833 sup-

177 1862 375 1916 plendum
407 1869 488 1903 est.

657 1983 724 1996 aew
766 1981 818 1995 νβ
895 1976 951 1995 a,
981 1969 1054 1995 ‘05

639 1997 817 2077 um&
870 1998 1047 2078 [ew
1147 2011 1182 2062 ss-

180 2138 256 2182 12.
330 2132 434 2180 Ora
482 2151 654 2182 eorum
706 2135 1050 2198 (camelorum)
1105 2143 1219 2181 sunt
1265 2134 1384 2191 loci,
1422 2133 1505 2181 ubi
1545 2134 1646 2200 pal-

344 2221 540 2276 pantur.

287 2319 335 2358 In
363 2317 568 2372 wamelis,
606 2319 716 2373 quod
759 2320 934 2372 pulchro
977 2320 1100 2361 modo
1142 2321 1336 2372 pabuium
1374 2327 1643 2374 consumunt,

175 2389 438 2443 indicioest,
477 2403 552 2430 eos
591 2392 770 2443 pingues
802 2404 916 2444 esse,
948 2398 994 2431 ut
1032 2392 1113 2431 hoc
1156 2392 1313 2431 videnti
1358 2404 1431 2430 eos
1474 2394 1644 2444 palpare

176 2473 258 2500 non
290 2473 394 2513 opus
423 2461 489 2502 sit.
535 2462 819 2502 Abu-Saidus
857 2463 922 2501 sic
961 2464 1096 2502 retulit
1141 2463 1433 2514 proverbium:
1472 2466 1642 2520 &be->i

179 2545 325 2602 ἱμάς)
365 2545 539 2584 ”Palaia
579 2558 722 2584 eorum
772 2553 868 2584 Sunt
906 2546 984 2585 ioci
1036 2546 1103 2584 ubi
1152 2546 1408 2598 palpantium-⁴
1479 2547 1642 2586 Sensus

179 2628 389 2680 proverbii
433 2634 511 2667 est.
591 2627 658 2666 Ex
699 2628 910 2669 exteriore
959 2629 1100 2667 habitu
1146 2629 1314 2667 interior
1358 2630 1416 2668 rei
1462 2629 1643 2669 conditio

182 2700 467 2753 cognoscitur.
