1771 3072
673 43 978 82 -690—

88 166 412 209 mansuetudine
448 172 493 207 et
527 165 811 222 intelligentia
846 167 1085 224 praeditus,
1121 182 1248 222 quum
1287 171 1558 226 ignorantiae

89 240 317 276 accusatur
353 239 398 275 et
433 234 758 275 liberalissimus
795 247 958 291 eorum,
996 249 1124 289 quum
1162 244 1353 293 rogatur.
1397 239 1553 280 Porro:

89 301 294 353 Quisnam
331 314 481 343 eorum
524 301 832 343 subtilissimus
879 303 1051 358 ingenio
1107 311 1199 344 est:
1256 304 1557 358 Respondisse

87 370 293 410 alterum:
334 367 421 420 Qui
452 375 674 410 secretum
710 382 839 410 suum
874 370 924 411 ab
962 383 1030 423 eo⁷
1066 383 1194 424 quem
1214 377 1343 428 amat,
1374 373 1559 415 oecultat

85 436 255 492 timens,
266 448 321 476 ne
334 435 557 490 aliquando
571 436 611 477 ei
625 436 902 478 adversarius
916 436 1006 478 fiat.
1027 438 1160 478 Porro
1175 438 1399 490 :Quisnam
1413 452 1559 481 eorum

85 502 371 544 astutissimus
389 498 491 544 est?
527 503 831 558 Respondisse
848 505 1047 546 alterum:
1088 503 1172 556 Qui
1193 519 1299 560 opes
1320 519 1423 547 suas
1448 507 1558 547 bene

85 568 357 612 administrat
376 575 422 611 et
445 570 622 612 invitae
641 570 807 612 ratione
825 570 997 613 modum
1033 576 1196 613 rectum
1223 578 1356 615 tenet.
1396 574 1554 615 Porro:

85 635 296 687 Quisnam
330 635 668 694 benignissimus
697 651 845 679 eorum
881 634 982 679 est?
1019 638 1318 693 Respondisse
1348 642 1555 684 alterum:

88 703 173 754 Qui
208 704 332 745 hilari
349 705 473 745 vultu
495 705 651 746 amicos
670 705 843 758 excipit,
863 706 904 746 in
920 706 1114 760 rogando
1139 706 1385 747 comitatem
1407 713 1559 748 osten-

85 770 162 826 dit,
181 772 253 825 qui
271 771 450 813 fratrum
464 784 642 814 suorum
661 772 755 814 iura
777 772 985 814 observat
1003 773 1045 812 in
1069 786 1121 813 eo
1138 773 1429 827 concedendo,
1449 775 1560 827 quod

82 837 163 878 sibi
199 838 445 896 adsumunt,
480 840 522 880 in
556 838 786 882 visitandis
821 839 1033 896 aegrotis,
1059 840 1112 882 ,in
1133 841 1272 882 salute
1297 841 1496 896 dicendo,
1515 841 1556 881 in

91 905 346 946 comitandis
394 906 616 948 funeribus
665 913 710 948 et
745 907 786 947 in
823 908 991 949 sincero
1032 907 1191 948 monito
1239 907 1290 948 de
1320 921 1370 949 eo
1382 937 1396 964 >
1448 907 1560 961 quod

86 972 209 1024 ipsos
246 973 364 1014 latet.
422 973 532 1026 Quis
564 978 707 1016 autem
739 987 883 1016 eorum
928 974 1113 1015 maxime
1165 974 1412 1031 intelligens
1451 970 1559 1016 est?

81 1039 331 1092 respondit:
388 1039 443 1096 is,
481 1040 550 1094 qui
582 1041 625 1082 in
661 1042 875 1096 colloquio
920 1041 961 1082 id
1001 1043 1246 1097 cognoscit,
1283 1042 1395 1096 quod
1430 1042 1554 1097 viris>

81 1106 334 1158 quibuscum
370 1109 595 1164 convenit,
650 1109 837 1150 maxime
873 1109 1137 1150 conveniens
1177 1116 1260 1151 est.
1334 1108 1558 1162 Denique:

81 1171 289 1224 Quisnam
323 1186 471 1217 eorum
505 1174 770 1217 firmissimus
807 1181 896 1218 est:
938 1176 1239 1230 Respondisse
1278 1176 1479 1218 alterum:
1501 1177 1559 1226 Is,

80 1239 203 1281 euius
241 1241 356 1282 latus
392 1242 434 1283 in
468 1255 515 1283 re
551 1247 668 1285 certa
685 1242 838 1285 durum
862 1248 944 1300 est,
981 1243 1051 1296 qui
1071 1242 1304 1297 prudenter
1342 1249 1470 1284 cavet
1491 1243 1553 1283 si-

80 1306 166 1348 mul
201 1307 400 1352 fiduciam
418 1309 460 1351 in
476 1310 570 1351 Deo
590 1324 756 1365 ponens
777 1317 820 1352 et
835 1310 1026 1352 vicinum
1062 1321 1184 1353 suum
1212 1310 1264 1351 ab
1299 1309 1449 1351 iniuria
1467 1309 1550 1351 de-

82 1372 230 1416 fendit.
234 1372 266 1400 ί(

81 1478 217 1600 0¹3⁰}
247 1502 296 1570 3
325 1473 477 1602 0³:³⁵3
518 1464 870 1605 {53}ssssoe
919 1481 1111 1606 {tf
1041 1462 1119 1498 '⁶‘
1160 1483 1197 1559 ‘'
1244 1464 1365 1579 {s
1460 1509 1558 1560 rra

79 1661 192 1706 336.
263 1659 418 1719 Mors,
453 1676 582 1727 quae
619 1659 880 1710 dedecoris
917 1676 1062 1708 causa
1098 1676 1202 1708 non
1236 1669 1322 1717 est,
1377 1659 1557 1708 melior

265 1755 352 1806 est,
389 1763 542 1813 quam
577 1747 676 1795 vita
717 1746 768 1795 in
802 1761 992 1796 summa
1026 1745 1251 1812 penuria.

180 1852 443 1907 Proprie:
479 1853 587 1907 vita,
613 1853 655 1894 in
678 1866 762 1908 qua
781 1857 944 1894 tantum
966 1851 1110 1894 victus
1147 1849 1269 1892 nobis
1306 1856 1389 1901 est,
1408 1843 1557 1906 iqnan-

78 1924 168 1960 tum
202 1919 256 1962 ad
292 1925 529 1963 extremum
562 1920 682 1963 vitae
716 1919 912 1975 spiritum
948 1918 1194 1960 ducendum
1229 1916 1409 1958 suffieit.
1436 1917 1555 1956 Hor-

81 1991 194 2027 tatur
227 1987 518 2046 proverbium,
554 1994 603 2030 ut
638 1992 814 2030 mortem
845 1986 1027 2028 nobilem
1061 1986 1181 2028 vitae
1217 1984 1393 2041 ignobili
1421 1995 1552 2038 prae-

82 2052 287 2096 feramus.

705 2158 730 2172 a
789 2141 816 2172 5
835 2140 938 2173 unge

492 2142 518 2163 Γ
571 2159 627 2173 σα

486 2152 642 2259 ξω,
689 2173 727 2236 >s
776 2176 937 2266 Qu
1040 2187 1146 2238 m

80 2304 192 2348 337.
262 2301 551 2363 Necessitas,
589 2320 692 2353 uon
727 2320 897 2352 rerum
933 2313 1132 2352 tuarum
1168 2319 1301 2351 cura.

178 2404 227 2446 Id
263 2413 356 2449 est:
392 2409 456 2449 Te
490 2407 652 2450 honore
688 2408 848 2464 adficit,
886 2406 1002 2463 quod
1037 2413 1083 2449 tu
1118 2407 1158 2448 ei
1189 2406 1468 2448 necessarius
1488 2417 1552 2460 es,

79 2485 164 2514 non
198 2473 311 2526 quod
346 2480 391 2516 te
427 2482 556 2518 amat.
591 2476 659 2517 De
693 2475 789 2517 viro
825 2474 1064 2528 adhibetur,
1099 2475 1170 2528 qui
1204 2472 1368 2515 nonnisi
1395 2473 1555 2513 obrem

79 2538 159 2593 ipsi
193 2540 491 2584 necessariam
528 2548 573 2583 te
610 2542 773 2584 visitat.
825 2541 1109 2584 Samaehscli.
1170 2542 1262 2582 Aut
1302 2538 1554 2581 nominativi

79 2613 156 2649 aut
189 2609 431 2651 accusativi
466 2622 597 2652 casus
633 2609 813 2651 vocibus
851 2609 1057 2651 tribuitur.
1107 2608 1157 2651 Si
1191 2606 1440 2649 nominativi
1475 2617 1552 2646 ca-

81 2687 176 2718 sum
213 2676 806 2735 admittiS,supplendumest
824 2669 916 2716 ue'w
937 2676 1068 2719 haec
1105 2681 1191 2719 est
1226 2672 1550 2718 necessitas
