1771 3072
634 143 675 144 W
733 118 814 158 325
873 143 923 146 *-

52 246 179 279 nerat.
212 241 270 279 lbi
290 253 315 279 a
343 241 508 292 captivo
540 240 579 278 in
603 240 800 279 auxilium
821 241 1068 292 vocabatur,
1101 247 1143 279 ut
1174 253 1268 280 enm
1295 241 1500 280 liberaret.

52 310 246 350 Hatimus
286 311 340 349 nil
379 322 524 350 secum
562 310 723 349 habens
764 312 977 363 captivum
1018 311 1215 365 redemit,
1263 323 1311 350 se
1345 311 1496 363 ipsum,

51 381 186 420 donec
233 383 409 434 pretium
455 395 480 421 a
527 383 613 421 suis
667 384 849 422 solutum
899 388 1013 421 esset
1026 412 1038 434 9
1096 383 1275 422 vinculis
1319 382 1502 421 tradens.

51 454 280 506 Tempore7
322 466 401 505 quo
432 459 547 492 tanta
575 454 773 492 sterilitas
805 460 921 507 erat7
962 460 1006 493 ut
1034 456 1127 505 ipsa
1157 454 1315 493 Hatimi
1345 454 1500 492 familia

49 524 220 576 penuria
258 529 535 577 premeretur,
578 537 715 577 neque
752 524 948 578 haberet)
999 538 1078 576 quo
1118 525 1272 564 liberos
1310 526 1498 575 satiaret,

49 595 226 648 quadam
263 602 386 635 nocte
416 597 508 635 cibo
549 595 793 650 deficiente7
834 602 1030 648 parentes
1073 608 1172 635 suos
1207 596 1360 635 liberos
1388 597 1500 635 fame

47 667 238 706 adfectos
267 668 521 719 sopiverant.
558 669 663 706 Tum
680 668 876 706 Hatimus
899 681 949 707 eo
972 672 1220 719 occupatus,
1251 672 1295 705 ut
1323 679 1498 706 uxorem

45 739 204 778 Mawi
209 738 227 789 j
236 738 333 790 jah
370 740 619 791 appellatam
650 750 843 777 sermone
873 739 1050 790 sopiret,
1091 739 1304 778 mulierem
1348 738 1495 778 dicen—

45 816 131 850 tem
159 810 341 850 audivit.·
373 811 408 851 Ο
433 806 754 850 Abu-Saffanel
787 811 1018 850 esurientes
1048 810 1230 849 infantes
1262 811 1497 862 relinquens

44 881 97 921 ad
136 887 178 920 te
218 882 402 936 confugi.
459 883 565 921 Tum
613 882 753 921 statim
797 882 978 921 infantes
1029 880 1240 920 adducere
1279 881 1493 920 mulierem

44 953 166 992 iussit
203 959 245 991 et
282 966 388 1006 equo
426 966 502 992 suo
541 959 751 1007 mactato7
793 953 915 991 simul
945 952 1176 992 advocavit
1204 952 1290 991 vici
1320 952 1495 1007 incolas,

46 1030 88 1063 ut
118 1024 318 1078 ederent,
359 1026 450 1076 ipse
487 1025 540 1063 nil
577 1025 714 1064 carnis
747 1030 939 1077 tangens.
998 1022 1117 1063 Gens
1149 1023 1277 1074 Thai,
1319 1029 1493 1062 matrem

43 1096 135 1134 eius
166 1094 396 1147 Ghanijjah
425 1097 699 1148 appellatam7
731 1096 856 1135 filiam
885 1094 1026 1133 Ahnifi
1057 1094 1296 1147 'l'hajjitae9
1328 1106 1492 1134 summa.

41 1166 286 1206 liberalitate
315 1167 472 1219 fuisse,
513 1172 743 1206 narrarunt.
804 1165 1194 1207 Scharaf-Aldinus
1226 1171 1365 1204 autem
1397 1179 1492 1204 eum

40 1236 354 1277 adolescentem
385 1244 502 1277 tanta
531 1238 777 1277 liberalitate
807 1238 939 1276 fuisse
971 1237 1175 1289 exemplis
1204 1236 1415 1288 probavit,
1450 1243 1495 1275 ut

38 1313 158 1359 pater
199 1320 292 1347 eum
330 1310 565 1361 relinquere
602 1314 838 1361 cogeretur.
898 1309 958 1347 At
988 1321 1090 1347 vero
1122 1308 1279 1346 Hatimi
1309 1308 1493 1346 liberali-

38 1384 104 1418 tas
134 1380 269 1418 notior
300 1385 383 1431 est,
414 1393 537 1432 quam
567 1386 610 1419 ut
638 1380 826 1432 pluribus
858 1379 1132 1418 describatur.
1171 1378 1297 1430 Apud
1329 1378 1490 1419 Sellult.

36 1463 154 1501 prov.
195 1450 322 1490 Meid.
362 1452 498 1490 fusius
538 1464 608 1490 res
647 1456 867 1490 tractatur.
929 1450 1049 1490 Conf.
1080 1464 1117 1502 p.
1159 1449 1236 1489 133
1265 1462 1326 1502 sq.
1369 1449 1489 1489 Conl'.

38 1519 228 1573 Gagnier
258 1522 311 1561 ad
340 1523 470 1561 vitam
501 1522 811 1562 Muhammedis
845 1536 881 1574 p.
916 1522 1005 1562 121.

317 1632 434 1694 'ML-o
479 1612 553 1727 U:
606 1636 766 1699 Μαί
817 1668 887 1713 :25⁸
934 1635 1062 1711 05:25
1162 1645 1225 1694 50⁹1

40 1766 144 1811 156.
214 1764 501 1823 Liberalior,
539 1783 688 1831 quam
725 1765 925 1812 Calibus
962 1764 1303 1812 ben-Mamali.

144 1865 221 1903 Vir
250 1865 332 1917 hie,
365 1880 388 1904 e
418 1873 545 1918 gente
575 1866 687 1918 Ajad
717 1867 932 1919 oriundus,
965 1868 1041 1906 iter
1072 1866 1254 1905 faciebat
1285 1877 1378 1904 cum
1409 1876 1483 1903 so-

35 1935 193 1974 ciorum
214 1936 523 1988 ag111i1109intei·
555 1949 659 1987 quos
689 1937 753 1974 vir
783 1950 806 1974 e
835 1943 964 1989 gente
980 1936 1199 1975 Alnahmir
1221 1935 1484 1974 ben-Kasith

34 2011 141 2058 erat,
171 2019 315 2046 mense
345 2007 510 2046 aestivo
542 2013 584 2045 et
613 2007 789 2046 fervido.
842 2007 980 2057 Quum
1011 2020 1035 2046 a
1065 2007 1135 2045 via
1166 2020 1239 2058 per
1269 2006 1482 2045 desertum

33 2077 326 2129 aberrassent,
369 2085 484 2118 tanta
514 2091 649 2131 aquae
681 2079 817 2130 inopia
848 2085 960 2130 erat,
994 2085 1037 2117 ut
1067 2079 1242 2130 singulis
1275 2090 1385 2130 aqua
1416 2077 1482 2116 di-

32 2148 305 2188 stribueretur
326 2150 462 2202 lapide
489 2151 528 2188 in
559 2162 665 2189 vase
693 2150 849 2202 posito,
880 2164 933 2188 ne
964 2162 1070 2189 unus
1100 2151 1191 2200 plus
1223 2162 1345 2201 quam
1375 2149 1481 2188 alter

31 2220 255 2271 acciperet.
305 2221 485 2260 Factum
516 2228 657 2260 autem
687 2228 770 2274 est,
801 2227 845 2259 ut
876 2233 1000 2273 quum
1029 2220 1262 2260 secundum
1294 2219 1480 2258 ordinem

33 2289 179 2330 Cahbo
220 2292 351 2343 portio
393 2291 676 2330 distribuenda
716 2297 860 2343 esset,
900 2291 966 2330 ille
1009 2291 1217 2330 Namirita
1257 2290 1401 2329 oculos
1444 2291 1480 2327 in

31 2374 125 2402 eum
161 2363 336 2415 figeret,
377 2363 486 2415 quod
516 2363 667 2401 videns
701 2363 872 2402 Calibus
904 2362 1165 2401 distribuenti
1198 2362 1325 2401 dixit:
1366 2361 1480 2400 fratri

31 2438 103 2471 tuo
142 2434 376 2473 Namiritae
418 2435 649 2485 portionem
696 2446 832 2473 meam
878 2429 957 2472 da!
1015 2433 1193 2472 Postero
1235 2437 1375 2472 autem
1416 2432 1482 2470 die

29 2504 236 2544 Namirita
257 2505 408 2544 iterum
428 2504 561 2544 Cahbi
590 2505 819 2557 portionem
851 2504 1098 2557 accipiente7
1123 2503 1300 2543 Calibus
1322 2504 1391 2542 siti
1424 2504 1480 2541 ita

31 2573 250 2627 adflictus,
291 2582 334 2614 ut
363 2588 501 2627 neque
538 2581 707 2628 gentem
749 2577 894 2628 sequi,
936 2588 1070 2626 neque
1106 2586 1284 2626 surgere
1314 2579 1476 2626 posset.

32 2645 219 2685 omnibus
251 2646 407 2685 viribus
449 2647 676 2684 consumtis
719 2646 754 2684 in
787 2646 955 2685 deserto
996 2645 1193 2683 remansit
1226 2650 1267 2682 et
1297 2644 1478 2682 animam

31 2717 269 2767 exspiravit.
331 2717 450 2755 Cons.
484 2717 643 2757 Sonuit.
676 2730 791 2767 prov.
823 2717 947 2756 Meid.
981 2731 1017 2767 p.
1054 2716 1139 2754 142.
