1771 3072
180 241 266 281 bat.
322 239 400 280 Vir
429 239 498 279 hic
526 237 651 278 vafer
681 241 725 276 et
754 234 896 275 audax
935 231 1134 273 familiam
1172 241 1294 270 suam
1335 229 1464 267 multa
1502 225 1646 265 iniuria

182 314 423 365 adflixerat,
455 318 498 351 ut
529 323 623 350 eum
655 309 905 362 relegarent.
935 306 1131 345 Meccam
1165 301 1420 356 perveniens
1451 312 1547 340 cum
1579 299 1650 338 fa-

179 385 291 426 milia
323 384 438 423 Harb
469 380 779 433 ben-Omajjah
809 378 960 420 foedus
993 383 1036 417 et
1063 377 1313 416 societatem
1357 373 1487 413 inivit.
1545 373 1650 411 Tum

183 470 238 496 ex
268 454 487 508 provincia
516 452 683 504 Ilidjasi
713 452 752 490 in
785 450 1001 504 regionem
1034 450 1182 488 Iracae
1220 444 1397 485 tendens
1428 443 1482 483 ad
1511 443 1650 484 aulam

181 527 397 568 Nohmani
444 523 796 565 ben-Almondsir
842 520 1036 575 pervenit
1080 520 1217 571 ibique
1265 517 1429 557 mansit.
1486 515 1654 556 Alnoh-

183 610 331 638 manus
363 603 504 637 autem
536 594 759 649 quotannis
789 593 843 633 ad
872 591 1078 632 nundinas
1111 589 1289 630 Ohcatsi
1318 601 1472 642 agmen
1504 599 1653 626 came-

181 672 316 711 lorum
346 681 440 709 cum
471 668 725 708 aromatibus
758 671 800 705 et
827 665 976 717 pannis
1007 663 1200 716 pretiosis
1234 667 1498 700 mercaturae
1520 670 1654 699 causa

184 743 347 781 mittere
385 740 563 779 solebat.
621 738 701 777 Die
740 736 945 789 quodam,
986 748 1111 788 quum
1151 732 1440 774 Albarradhus
1487 738 1529 773 et
1568 733 1652 772 Al-
1702 727 1705 729 Α

183 813 384 852 rahlialns
417 811 506 862 (sic
537 810 647 849 enim
679 808 1075 862 cognominabatur,
1106 808 1200 859 quia
1231 807 1471 858 frequenter
1501 805 1554 845 ad
1583 818 1655 844 re-

182 898 263 939 ges
293 884 494 923 veniebat
525 880 767 921 Ohrwahus
791 878 1073 919 ben-Ohtbah
1091 877 1355 930 ben-Djafar
1396 877 1656 929 ben-Cilab)

183 955 297 1009 apud
330 967 476 1007 regem
506 958 755 1005 praesentes
788 957 949 1003 essent,
982 950 1050 989 hic
1081 949 1210 990 dixit:
1244 949 1449 1000 Quisnam
1468 950 1659 989 camelo-

184 1040 272 1066 rum
303 1037 457 1077 agmen
490 1023 724 1064 Ohcatsum
757 1017 917 1060 ducet?
973 1009 1215 1060 B'arradhus
1245 1019 1488 1072 respondit,
1542 1032 1592 1060 se
1621 1019 1662 1060 id

184 1111 259 1150 per
304 1102 476 1150 gentem
531 1094 735 1134 Cenanah
775 1092 997 1133 ducturum
1041 1104 1153 1131 esse.
1213 1093 1273 1132 At
1314 1106 1391 1132 rex
1431 1092 1559 1139 dixit,
1612 1105 1662 1132 se

183 1169 320 1208 virum
349 1166 475 1218 velle,
507 1166 576 1217 qui
607 1165 794 1204 camelos
826 1177 899 1216 per
929 1169 1083 1215 gentes
1115 1163 1320 1203 Cananah
1352 1170 1393 1203 et
1433 1164 1539 1203 Kais
1580 1162 1662 1203 du-

186 1245 316 1280 ceret.
374 1240 481 1277 Tum
515 1236 755 1276 Ohrwahus
784 1235 908 1275 dixit:
963 1236 1042 1278 Vir
1079 1235 1160 1274 iste
1199 1236 1322 1274 vafer
1367 1241 1409 1276 et
1445 1237 1662 1289 relegatus

186 1312 302 1364 regis
336 1309 522 1349 camelos
555 1307 711 1347 ducere
740 1321 823 1346 non
853 1312 1015 1359 potest,
1048 1319 1130 1359 ego
1163 1319 1239 1346 eos
1270 1319 1344 1358 per
1378 1313 1552 1360 gentem
1582 1307 1663 1346 ab-

191 1383 333 1422 sinthii
365 1387 407 1421 et
438 1380 628 1420 abrotoni
656 1378 841 1432 regionis
873 1377 1016 1430 Nedjd
1043 1384 1086 1417 et
1103 1377 1319 1417 Tehamae
1339 1377 1541 1417 ducturus
1554 1390 1663 1417 snm.

191 1452 499 1494 Consentiente
528 1463 632 1503 rege
664 1450 741 1488 iter
772 1461 869 1490 cum
900 1449 1072 1488 camelis
1103 1450 1324 1502 ingressus
1357 1455 1436 1489 est.
1494 1450 1555 1488 At
1580 1449 1661 1489 Al-

191 1524 427 1566 barradhus
459 1523 537 1562 viri
563 1522 748 1574 vestigia
777 1527 970 1574 secutus,
1003 1533 1129 1572 quum
1161 1520 1405 1561 Ohrwahus
1447 1521 1485 1560 in
1524 1521 1662 1561 medio

189 1599 330 1653 gentis
361 1610 468 1637 suae
497 1596 551 1636 ad
569 1595 729 1635 Fadaci
748 1597 858 1634 latus
889 1600 1009 1634 esset
1040 1600 1082 1634 et
1113 1595 1368 1635 camelorum
1399 1608 1554 1648 agmen
1586 1595 1667 1636 de-

191 1670 429 1721 cubuisset,
461 1667 615 1707 sumsit
647 1667 844 1718 sagittas,
891 1678 1000 1718 quae
1031 1666 1216 1705 sortibus
1260 1666 1578 1721 inserviebant,
1620 1674 1669 1707 ut

192 1741 443 1793 sagittarum
485 1739 597 1778 iactu
638 1737 690 1776 de
731 1737 934 1777 Ohrwahi
972 1736 1104 1776 caede
1142 1738 1370 1777 sortiretur.
1422 1738 1668 1779 Ohrwahus

193 1812 246 1852 ad
279 1812 415 1851 virum
445 1810 552 1849 haec
583 1810 822 1848 molientem
864 1808 1102 1860 transiens,
1143 1808 1240 1860 qnid
1277 1816 1443 1862 ageret,
1480 1811 1665 1850 interro-

190 1884 326 1935 gavit.
386 1881 544 1934 Quum,
577 1893 625 1920 se
656 1886 795 1919 sortes
827 1879 878 1918 de
909 1879 1041 1918 caede
1072 1879 1163 1918 eius
1195 1880 1460 1933 interrogare
1481 1894 1667 1934 respon-

193 1955 345 2006 disset,
389 1952 650 2004 Ohrwahus,
682 1964 777 1991 eum
809 1952 879 1990 tali
909 1951 969 1989 rei
999 1949 1306 2003 perpetrandae
1336 1952 1538 2003 imparem
1569 1965 1668 1993 esse

194 2026 311 2065 dixit.
370 2022 665 2064 Albarradhus
695 2022 761 2061 his
792 2023 938 2062 verbis
971 2024 1029 2062 ira
1060 2024 1260 2062 incensus
1304 2023 1434 2076 gladii
1472 2024 1600 2064 ictum
1630 2026 1668 2065 ei

194 2097 359 2150 inflixit,
391 2108 473 2149 quo
516 2094 806 2145 occideretur,
846 2100 933 2134 tum
980 2096 1235 2134 camelorum
1276 2107 1430 2147 agmen
1482 2096 1668 2136 abduxit.

194 2169 317 2208 llaec
347 2175 487 2207 autem
516 2176 586 2205 res
618 2166 657 2205 in
689 2177 822 2205 causa
864 2172 978 2219 erat,
1023 2177 1096 2204 cnr
1135 2166 1242 2204 inter
1279 2172 1449 2219 gentem
1498 2168 1674 2208 Chindif

194 2247 237 2280 et
266 2239 371 2278 Kais
401 2239 553 2277 bellum
574 2236 767 2289 Alfidjar.
797 2238 933 2287 (conf.
954 2238 1145 2275 Hamasa
1175 2251 1213 2289 p.
1246 2244 1335 2290 mi,
1367 2244 1409 2277 et
1429 2238 1477 2278 C.
1497 2240 1665 2294 XXIX,

194 2304 257 2352 4.)
290 2304 548 2356 appellatum
580 2304 769 2342 oriretur.
802 2301 920 2342 Istud
962 2302 1214 2342 Albarradhi
1254 2305 1409 2344 factum
1459 2308 1669 2358 proverbii

195 2389 326 2417 causa
358 2381 459 2416 erat.
517 2375 936 2414 Abu-'Pammainns
979 2374 1031 2413 ad
1073 2382 1243 2427 gentem
1300 2377 1405 2416 Thai
1453 2379 1667 2430 pertinens

198 2454 326 2501 poeta
357 2448 462 2487 illius
494 2447 593 2486 facti
625 2447 876 2485 mentionem
919 2447 1018 2486 feeit
1053 2448 1091 2486 in
1135 2448 1330 2487 versibus
1370 2452 1669 2502 sequentibus:

1438 2542 1526 2557 ‚‚‚‚‚

1467 2568 1473 2573 .
1487 2562 1494 2573 ν

330 2671 484 2754 „old-..js
503 2674 625 2733 2⁵1AE
659 2672 748 2760 ‘3⁹22
777 2663 872 2731 ΞᾸΞ»
907 2670 1040 2742 0>me
1061 2677 1193 2761 ωὲω
1228 2673 1269 2734 L}
1306 2676 1394 2751 χοί»)
1429 2670 1536 2746 ᾸΞ
