1771 3072
752 130 805 136 -
862 108 946 148 280
1002 129 1053 135 -—

163 232 299 272 iussit.
358 233 468 272 Tum
499 243 645 271 omnes
684 230 855 284 sagittis
884 230 1034 282 petivit
1062 236 1105 269 et
1135 228 1299 269 occidit.
1360 228 1520 270 Contra
1551 240 1626 268 eos

162 310 324 354 autem,
364 304 431 356 qui
470 302 619 343 eodem
657 301 724 341 die
761 302 1012 356 sagittarum
1050 301 1166 340 Iactu
1211 314 1292 340 non
1334 301 1465 340 occisi
1495 306 1626 354 erant,

162 375 336 422 postero
364 382 486 409 mane
535 368 704 408 crudele
732 369 894 408 factum
933 369 1122 421 iteravit,
1167 367 1302 407 donec
1323 380 1470 406 omnes
1500 367 1627 408 deleti

163 448 321 481 essent.
378 442 539 482 Harum
582 455 719 481 rerum
772 441 832 480 ira
874 441 1046 481 accensi
1084 440 1291 479 Alibsitae
1340 452 1416 480 eos
1464 440 1505 479 in
1545 440 1626 480 isto

161 515 256 554 loco
287 522 511 554 versantes
553 521 867 567 oppresserunt.
925 513 1160 553 Duodecim
1201 513 1280 551 viri
1311 511 1625 564 occidebantur,

160 586 270 625 inter
309 598 418 638 quos
456 585 639 624 Malicus
683 591 724 624 et
763 585 927 624 Iasidus
968 585 1142 625 Sobaihi
1191 584 1259 623 filii
1302 589 1343 622 et
1381 582 1627 635 Alitacijjus

160 655 476 696 ben-Ahmirah
516 662 646 695 erant.
706 657 815 695 Tum
849 656 1121 707 congregatis
1152 656 1286 707 copiis
1322 653 1374 694 ad
1406 654 1517 693 latus
1549 653 1630 693 loci

161 728 356 768 Alhabah
402 727 563 785 (sq-455)
605 728 816 779 appellati,
864 727 935 778 qui
975 727 1013 764 in
1063 727 1282 778 superiore
1339 732 1458 776 parte
1503 727 1627 764 vallis

159 805 434 844 Dsu—Hosan
465 811 576 858 erat,
608 804 674 844 die
704 802 869 843 fervido
900 815 1031 855 usque
1061 802 1114 841 ad
1145 802 1358 841 meridiem
1399 808 1628 855 pugnatum

160 882 238 916 est.
273 877 386 917 Solis
426 884 574 917 aestus
603 882 844 931 pugnantes
865 875 1096 927 separavit.
1162 874 1474 927 Hodsaifahus,
1507 874 1628 914 cuius

158 947 356 987 interiora
402 948 563 988 femora
600 948 640 987 in
678 948 905 1001 equitando
945 960 1108 986 summo
1158 948 1298 986 calore
1337 947 1453 985 laesa
1493 952 1628 999 erant,

160 1023 208 1057 ut
247 1019 396 1058 balneo
428 1021 615 1059 membra
654 1013 1025 1074 refrigerarentur,
1073 1030 1169 1057 cum
1201 1019 1330 1058 sociis
1371 1019 1409 1057 in
1441 1024 1626 1072 puteum,

161 1090 230 1142 qui
259 1090 369 1142 apud
401 1092 539 1130 locum
572 1091 768 1130 Alhabah
790 1097 896 1144 erat,
940 1091 1232 1130 descenderat.
1296 1090 1452 1129 Kaisus
1482 1103 1628 1128 eorum

159 1168 315 1201 statum
349 1162 542 1202 divinans
575 1175 667 1201 cum
700 1163 829 1201 sociis
861 1162 1046 1201 advenit.
1095 1164 1184 1202 Isto
1222 1162 1288 1202 die
1319 1162 1626 1216 Ilodsaifahus,

159 1235 342 1274 Malicus
371 1234 614 1287 ben-Badr,
635 1235 878 1274 Alliaritsus
901 1235 1134 1274 ben-Aulis
1146 1236 1224 1274 ben
1242 1235 1382 1288 -Badr,
1426 1241 1468 1274 et
1489 1235 1629 1274 Ham-

161 1305 227 1344 lus
257 1305 337 1344 ben
367 1305 480 1344 Badr
510 1306 642 1344 occisi
671 1311 780 1344 sunt.
810 1307 856 1344 In
880 1305 1143 1345 Hodsaisaho
1168 1311 1309 1344 autem
1329 1311 1372 1344 ut
1391 1306 1627 1356 exemplum

161 1381 419 1428 statuerent,
454 1377 546 1415 eius
578 1376 799 1417 testiculos
838 1383 1079 1428 amputatos
1110 1377 1146 1415 ei
1177 1378 1216 1415 in
1248 1390 1296 1416 os
1337 1377 1629 1430 ingesserunt,

160 1448 251 1486 eius
300 1452 438 1486 autem
482 1448 668 1500 linguam
704 1448 741 1486 in
782 1447 975 1499 podicem
1018 1448 1265 1488 indiderunt.
1326 1447 1446 1488 Gens
1486 1453 1630 1486 autem

161 1516 379 1558 Ghathfan
421 1518 596 1557 caedem
635 1517 888 1558 Hodsaifalii
928 1532 1059 1572 aegre
1102 1520 1243 1559 ferens
1276 1519 1465 1558 omnibus
1497 1519 1630 1570 copiis

159 1590 351 1630 collectis
391 1590 595 1629 Ahbsitas
635 1589 836 1629 invadere
885 1592 1045 1629 statuit.
1097 1588 1217 1630 Gens
1241 1591 1362 1630 Ahbs
1399 1590 1565 1642 videns,
1582 1602 1630 1629 se

158 1663 287 1701 tantis
311 1662 443 1716 copiis
473 1662 676 1701 resistere
710 1675 790 1701 non
816 1674 961 1715 posse,
1001 1663 1036 1700 in
1062 1662 1278 1714 regionem
1302 1662 1516 1701 Iemamah
1547 1660 1628 1701 mi-

156 1732 306 1785 grandi
333 1733 548 1772 consilium
573 1733 701 1785 cepit,
734 1733 787 1771 ibi
827 1734 935 1772 enim
976 1732 1157 1772 habebat
1190 1734 1426 1773 avunculos
1456 1739 1627 1786 gentem

156 1804 340 1857 Ahblah,
353 1817 458 1856 quae
472 1805 557 1844 filia
571 1805 712 1844 Alduli
729 1805 797 1843 filii
810 1804 1094 1856 Honaifahae,
1117 1805 1261 1844 matris
1278 1797 1512 1844 Rewalialii
1526 1812 1629 1844 erat.

156 1876 379 1915 Venerunt
399 1877 524 1929 igitur
548 1876 601 1916 ad
622 1877 887 1917 Ketadahum
914 1877 1275 1916 ben—Maslamah.
1296 1878 1357 1916 Ibi
1381 1891 1506 1930 quum
1528 1891 1630 1929 par-

156 1961 256 1986 vum
299 1949 499 2000 temporis
538 1950 718 2001 spatium
763 1957 1022 1989 commorata
1057 1955 1171 1988 esset
1204 1962 1336 2002 gens,
1388 1950 1438 1987 ob
1481 1950 1628 2003 verba,

158 2032 267 2071 quae
315 2019 476 2059 Kaisus
516 2027 741 2072 praesente
788 2021 1013 2060 Ketadaho
1071 2021 1123 2060 de
1176 2021 1317 2059 cranio
1368 2021 1628 2073 protulisset,

156 2090 408 2130 Ketadahus
449 2093 637 2131 timorem
679 2093 947 2145 concipiens,
985 2106 1078 2132 eam
1123 2092 1236 2131 abire
1279 2092 1415 2130 iussit.
1477 2092 1630 2131 Castra

155 2161 284 2214 igitur
327 2170 550 2202 moventes
581 2164 620 2202 in
651 2165 866 2216 regionem
898 2164 1035 2215 Ilodjr
1073 2163 1126 2202 ad
1155 2170 1326 2215 gentem
1359 2163 1628 2203 Banu-Salid

155 2232 368 2272 ben-Said
399 2236 547 2274 Menat
577 2235 852 2275 ben-'l'amim
885 2236 1062 2286 profecti
1091 2241 1200 2273 sunt.
1233 2234 1318 2273 Sed
1350 2247 1459 2287 gens
1483 2235 1628 2273 Banu-

156 2302 274 2342 Sahd
321 2304 575 2356 Aldjaunum
616 2319 761 2358 regem
802 2305 951 2356 llodjri
997 2318 1074 2358 spe
1114 2304 1324 2358 praedae,
1357 2313 1400 2345 ut
1453 2313 1625 2358 gentem

153 2376 276 2415 Ahbs
306 2376 517 2428 inopinato
549 2379 705 2429 impetu
735 2389 830 2416 cum
853 2378 985 2429 copiis
1007 2379 1098 2416 suis
1120 2378 1388 2429 opprimeret,
1409 2378 1627 2422 excitavit.

156 2446 294 2497 Quam
331 2462 417 2487 rem
468 2461 593 2499 quum
636 2462 710 2488 rex
759 2461 807 2487 se
858 2455 1122 2500 peracturum
1172 2462 1272 2489 esse
1333 2450 1621 2502 promisisset,

155 2517 321 2570 quidam
353 2532 407 2558 ex
437 2519 628 2559 Sahditis
660 2525 904 2571 cognatam,
925 2532 1033 2571 quae
1063 2520 1155 2558 viro
1188 2534 1240 2559 ex
1272 2520 1465 2558 Ahbsitis
1499 2526 1628 2572 nupta

155 2597 259 2642 erat,
292 2590 344 2630 de
381 2604 425 2629 re
455 2592 678 2629 certiorem
711 2591 824 2644 fecit,
857 2597 898 2629 et
930 2591 1036 2630 haec
1057 2591 1233 2630 Knisum
1266 2592 1433 2630 monuit.
1464 2591 1626 2630 Kaisus

153 2662 266 2700 initio
297 2663 450 2714 noctiS,
482 2668 527 2701 ut
557 2661 737 2701 feminac
770 2663 911 2715 gentis
942 2670 983 2701 et
1014 2663 1248 2702 robustiora
1265 2674 1434 2717 pecora,
1468 2663 1625 2702 relictis

152 2734 320 2786 ignibus
351 2734 458 2773 inter
487 2733 633 2772 viliora
665 2733 976 2786 impedimenta.
1011 2735 1402 2786 proficiscerentur.
1436 2735 1624 2785 impera-

152 2807 226 2845 vit.
294 2806 472 2859 Equites
522 2811 664 2845 autem
717 2805 770 2845 ad
820 2807 958 2846 locum
1000 2806 1180 2847 Alsaruk
1209 2804 1502 2859 (appellatum,
1556 2805 1624 2857 qui
