1771 3072
681 47 735 92 ’-
791 62 867 111 831
930 84 982 89 -

102 183 259 224 videris
290 197 371 224 non
401 185 519 224 aliter
549 196 601 225 ac
629 186 664 224 si
696 185 831 237 ipsum
863 187 1129 227 Merwanum
1176 187 1391 239 captivum
1432 186 1566 226 fecis-

99 267 183 296 ses.
224 256 332 294 'I'um
364 256 612 295 Merwanus
636 255 758 295 dixit:
791 257 846 296 Et
886 263 929 296 tu
963 258 1056 309 quid
1089 272 1114 298 a
1142 259 1364 298 Merwano
1385 254 1566 309 speras?

103 327 320 380 Magnum
348 327 518 379 lytrum,
549 327 769 378 respondit
797 329 970 380 mulier3
1002 335 1044 368 et
1073 327 1310 382 quantum?
1339 330 1407 368 ille
1435 329 1568 367 inter-

98 410 254 451 rogare
283 399 479 450 perrexit.
537 398 692 436 Mulier
723 411 848 451 quum
881 406 1048 439 centum
1079 401 1265 440 camelos
1303 413 1352 439 se
1390 411 1565 451 sperare

100 469 306 522 dixisset,
364 470 611 508 Mcrwanus
644 475 706 508 tot
736 471 923 509 camelos
956 470 991 509 ei
1019 471 1230 523 promisit,
1281 471 1317 509 si
1348 471 1483 522 ipsum
1514 469 1567 508 ad

100 538 546 591 Chomaaham2'filiam
575 540 702 579 Auhfi
734 541 1071 580 ben-Moliallem
1102 540 1308 580 duxisset.
1367 542 1562 579 Μουνα-

102 625 180 650 nus
212 614 318 652 enim
347 613 455 652 hanc
484 613 617 652 Auhsi
646 613 774 652 filiam
802 613 853 652 ab
885 613 1072 652 Ahmruo
1105 613 1343 652 ben-Karib
1375 618 1417 651 et
1444 614 1561 651 Dsu-

103 684 181 723 abo
213 684 470 735 ben-Asma,
503 684 573 735 qui
604 696 696 723 eam
735 684 948 735 captivam
987 684 1177 723 fecerant
1215 689 1427 735 tempore,
1481 695 1563 734 quo

98 767 206 807 gens
236 754 512 794 Banu-Ahbs
544 755 766 794 tentorium
810 757 958 794 mortui
995 755 1129 794 Lami
1169 755 1438 806 ben-Malic,
1498 755 1566 793 cui

103 834 230 878 nupta
261 827 415 878 fuerat,
448 826 685 880 diriperent,
716 827 756 865 in
787 827 1020 866 libertatem
1052 827 1355 866 vindicaverat.
1385 828 1564 866 Factum

101 905 180 935 est.
211 898 376 935 Interim
402 897 850 937 Ahmruusben—Hind
883 898 934 937 de
964 912 1008 937 re
1049 899 1200 938 certior
1229 899 1383 951 faetus,
1417 899 1567 952 quippe

101 969 172 1021 qui
190 969 321 1008 iratus
344 976 490 1008 eontra
510 969 776 1008 Merwanum
797 970 1029 1023 iuraverat,
1052 983 1101 1009 se
1120 971 1286 1009 veniam
1313 971 1351 1009 ei
1373 969 1562 1009 daturum

103 1052 185 1078 non
213 1052 324 1086 esse,
358 1039 490 1079 donec
519 1053 685 1079 manum
717 1053 834 1080 suam
875 1042 913 1080 in
955 1054 1078 1080 manu
1117 1041 1206 1079 eius
1254 1042 1473 1092 posuisset
1514 1040 1566 1079 ad

102 1111 306 1163 Auhfum,
337 1117 380 1150 ut
408 1113 517 1150 illum
548 1112 602 1151 ad
634 1114 769 1164 ipsum
800 1113 1046 1165 adduceret,
1077 1113 1198 1152 misit.
1228 1113 1397 1152 Auhfus
1427 1118 1567 1152 autem

104 1196 153 1222 se
186 1183 227 1222 id
256 1183 401 1222 faeere
430 1196 511 1222 non
543 1195 669 1235 posse
700 1183 817 1236 dixit,
850 1185 928 1223 nisi
957 1185 1233 1237 permitteret,
1264 1189 1310 1223 ut
1331 1197 1451 1224 suam
1472 1197 1566 1222 ma-

107 1268 202 1293 num
232 1254 337 1293 inter
364 1266 513 1293 manus
549 1255 768 1306 utriusque
806 1256 991 1294 liaberet.
1050 1256 1188 1295 Venia
1224 1261 1310 1294 tum
1347 1256 1566 1294 Merwano

109 1325 206 1365 data
235 1326 452 1364 Ahmruus
485 1325 607 1365 dixit:
637 1333 742 1383 μῦς.
776 1330 887 1383 &³52
923 1329 958 1380 g
984 1344 1053 1389 5>
1089 1325 1114 1367 ὅ
1144 1326 1292 1379 „Non
1323 1332 1407 1365 est
1436 1325 1568 1364 liber

103 1410 156 1448 in
190 1409 336 1448 valle
366 1408 542 1447 Auhfi.
602 1408 723 1448 Conf.
759 1409 863 1461 Cap.
895 1409 1057 1460 XXIII,
1088 1409 1184 1450 403.

895 1532 918 1542 α
1038 1515 1121 1543 κΟε

357 1534 525 1622 ΛΜ
559 1525 635 1639 U?
683 1532 836 1634 (μμ
883 1573 970 1640 U„
1020 1547 1111 1627 ὣς
1208 1558 1260 1608 <10

105 1714 182 1760 05.
255 1710 484 1768 Fidelior‚
523 1728 671 1776 quam
708 1709 1017 1757 Alliarithsus
1054 1708 1407 1755 hen-Thsalim.

218 1816 415 1866 Narrant,
465 1814 682 1865 Ihjadimm
731 1813 1037 1852 ben-Daihats
1084 1811 1136 1850 ad
1173 1811 1376 1850 Alliaritsi
1415 1816 1566 1862 pasto-

107 1899 190 1935 res,
203 1899 350 1938 aquam
383 1886 556 1924 camelis
585 1885 839 1936 haurientes,
871 1889 1155 1923 transeuntem
1192 1882 1357 1921 veniam
1387 1894 1566 1934 rogasse

108 1960 197 1998 suis
228 1958 399 1997 cameIis
429 1970 578 2009 aquam
611 1956 838 1997 hauriendi.
870 1956 1007 1994 Venia
1039 1955 1150 2006 data,
1184 1967 1309 2005 quum
1341 1953 1452 1992 funis
1471 1953 1563 1992 eius

106 2031 225 2069 nimis
265 2030 406 2068 brevis
447 2035 580 2081 esset,
638 2034 831 2079 pastores
869 2027 1027 2066 IIaritsi
1068 2027 1176 2065 funis
1213 2031 1395 2077 partem,
1437 2037 1560 2077 quam

106 2114 202 2141 cum
231 2113 310 2140 suo
332 2101 619 2153 coniungeret,
648 2099 683 2136 ei
701 2097 1005 2137 commodasse.
1037 2097 1101 2137 lte
1131 2103 1271 2136 autem
1290 2096 1406 2134 finita
1437 2108 1561 2147 quum

107 2172 282 2212 Ahmrui
321 2170 684 2210 ben-Alnoliman
724 2169 838 2220 regis
877 2168 1048 2206 ministri
1090 2170 1274 2207 camelos
1325 2166 1561 2217 diriperent,

109 2245 243 2283 virum
291 2244 510 2281 clamasse:
562 2241 597 2281 Ο
641 2240 779 2279 vicine
821 2252 941 2290 opem
998 2234 1088 2278 ser!
1147 2238 1384 2278 Alliaritsus
1438 2249 1564 2288 quum

109 2316 191 2354 ista
222 2315 352 2353 verba
381 2312 713 2364 prommtiantem
747 2310 925 2361 audiret,
959 2309 1140 2348 dixisse:
1183 2308 1360 2358 Quando
1398 2308 1563 2346 vicinus

109 2391 205 2425 tuus
252 2381 397 2424 erarn‘2
455 2383 648 2422 Alterum
701 2386 839 2419 autem
892 2380 1183 2432 respondisse:
1242 2380 1405 2418 Funem
1446 2383 1562 2415 tuum

110 2469 203 2495 cum
239 2469 331 2494 meo
373 2454 588 2505 coniunxi,
641 2458 683 2490 et
713 2459 754 2491 tu
785 2453 956 2491 camelis
987 2453 1086 2491 meis
1117 2456 1257 2502 potum
1289 2448 1462 2497 ded'sti3
1521 2453 1561 2485 et

110 2528 208 2566 dum
238 2539 346 2579 aqua
368 2533 436 2564 tua
455 2527 492 2563 in
522 2524 740 2563 ventribus
762 2523 1018 2563 camelorum
1050 2534 1233 2562 meorum
1259 2526 1361 2571 erat,
1384 2520 1562 2570 impetus

110 2599 148 2637 in
179 2610 255 2637 eos
284 2598 422 2637 factus
453 2602 529 2635 est.
591 2595 846 2634 Alliaritsum
888 2601 973 2633 tum
1013 2592 1238 2633 vicinitatis
1270 2593 1357 2630 iura
1401 2602 1564 2643 agnos-

110 2675 274 2708 centem
322 2678 500 2718 rogasse
532 2665 849 2716 Alnohmanum,
883 2672 926 2704 ut
958 2665 1034 2703 sibi
1067 2662 1227 2712 Ihjadhi
1268 2672 1369 2711 opes
1408 2659 1562 2698 redde-
