<?xml version="1.0" encoding="UTF-8"?>
<!DOCTYPE html PUBLIC "-//W3C//DTD XHTML 1.0 Transitional//EN"
    "http://www.w3.org/TR/xhtml1/DTD/xhtml1-transitional.dtd">
<html xmlns="http://www.w3.org/1999/xhtml" xml:lang="en" lang="en">
 <head>
  <title>
</title>
<meta http-equiv="Content-Type" content="text/html;charset=utf-8" />
  <meta name='ocr-system' content='tesseract 3.04.00' />
  <meta name='ocr-capabilities' content='ocr_page ocr_carea ocr_par ocr_line ocrx_word'/>
</head>
<body>
  <div class='ocr_page' id='page_1' title='image "./arabumproverbiav01freyuoft_1052.png"; bbox 0 0 1771 3072; ppageno 0'>
   <div class='ocr_carea' id='block_1_1' title="bbox 778 139 1079 181">
    <p class='ocr_par' dir='ltr' id='par_1_1' title="bbox 778 139 1079 181">
     <span class='ocr_line' id='line_1_1' title="bbox 778 139 1079 181; baseline 0.007 -2"><span class='ocrx_word' id='word_1_1' title='bbox 778 139 1079 181; x_wconf 73' lang='lat'><strong>-276—</strong></span> 
     </span>
    </p>
   </div>
   <div class='ocr_carea' id='block_1_2' title="bbox 187 260 1700 1749">
    <p class='ocr_par' dir='ltr' id='par_1_2' title="bbox 187 260 1700 1749">
     <span class='ocr_line' id='line_1_2' title="bbox 189 260 1655 317; baseline -0.002 -12"><span class='ocrx_word' id='word_1_2' title='bbox 189 267 298 306; x_wconf 85' lang='lat' dir='ltr'>latus</span> <span class='ocrx_word' id='word_1_3' title='bbox 330 276 423 304; x_wconf 89' lang='lat' dir='ltr'>cum</span> <span class='ocrx_word' id='word_1_4' title='bbox 449 262 602 303; x_wconf 84' lang='lat' dir='ltr'>Hamlo</span> <span class='ocrx_word' id='word_1_5' title='bbox 623 260 846 300; x_wconf 85' lang='lat' dir='ltr'>ben-Badr</span> <span class='ocrx_word' id='word_1_6' title='bbox 870 261 999 302; x_wconf 83' lang='lat' dir='ltr'>fratre</span> <span class='ocrx_word' id='word_1_7' title='bbox 1014 261 1267 303; x_wconf 86' lang='lat' dir='ltr'>Hodsaifahi</span> <span class='ocrx_word' id='word_1_8' title='bbox 1297 261 1349 302; x_wconf 91' lang='lat' dir='ltr'>de</span> <span class='ocrx_word' id='word_1_9' title='bbox 1387 264 1506 317; x_wconf 89' lang='lat' dir='ltr'>equis</span> <span class='ocrx_word' id='word_1_10' title='bbox 1520 262 1655 303; x_wconf 86' lang='lat' dir='ltr'>Dahis</span> 
     </span>
     <span class='ocr_line' id='line_1_3' title="bbox 189 331 1655 387; baseline -0.003 -11"><span class='ocrx_word' id='word_1_11' title='bbox 189 342 231 376; x_wconf 87' lang='lat' dir='ltr'>et</span> <span class='ocrx_word' id='word_1_12' title='bbox 260 334 498 387; x_wconf 84' lang='lat' dir='ltr'>Alghabra,</span> <span class='ocrx_word' id='word_1_13' title='bbox 541 331 637 371; x_wconf 84' lang='lat' dir='ltr'>dum</span> <span class='ocrx_word' id='word_1_14' title='bbox 680 332 749 371; x_wconf 84' lang='lat' dir='ltr'>ille</span> <span class='ocrx_word' id='word_1_15' title='bbox 790 331 995 371; x_wconf 83' lang='lat' dir='ltr'>Dahisum</span> <span class='ocrx_word' id='word_1_16' title='bbox 1043 333 1417 387; x_wconf 74' lang='lat' dir='ltr'><strong>praestantiorem,</strong></span> <span class='ocrx_word' id='word_1_17' title='bbox 1465 335 1534 373; x_wconf 89' lang='lat' dir='ltr'>hie</span> <span class='ocrx_word' id='word_1_18' title='bbox 1573 334 1655 373; x_wconf 88' lang='lat' dir='ltr'>Al-</span> 
     </span>
     <span class='ocr_line' id='line_1_4' title="bbox 188 403 1657 462; baseline -0.001 -16"><span class='ocrx_word' id='word_1_19' title='bbox 188 408 390 462; x_wconf 83' lang='lat' dir='ltr'>ghabram</span> <span class='ocrx_word' id='word_1_20' title='bbox 420 403 771 457; x_wconf 83' lang='lat' dir='ltr'><strong>praestantiorem</strong></span> <span class='ocrx_word' id='word_1_21' title='bbox 803 415 903 442; x_wconf 89' lang='lat' dir='ltr'>esse</span> <span class='ocrx_word' id='word_1_22' title='bbox 947 403 1238 457; x_wconf 72' lang='lat' dir='ltr'>contenderet,</span> <span class='ocrx_word' id='word_1_23' title='bbox 1280 407 1338 445; x_wconf 85' lang='lat' dir='ltr'>ita</span> <span class='ocrx_word' id='word_1_24' title='bbox 1386 411 1432 445; x_wconf 89' lang='lat' dir='ltr'>ut</span> <span class='ocrx_word' id='word_1_25' title='bbox 1481 411 1657 458; x_wconf 87' lang='lat' dir='ltr'>uterque</span> 
     </span>
     <span class='ocr_line' id='line_1_5' title="bbox 188 473 1658 530; baseline -0.001 -12"><span class='ocrx_word' id='word_1_26' title='bbox 188 479 335 518; x_wconf 85' lang='lat' dir='ltr'>decem</span> <span class='ocrx_word' id='word_1_27' title='bbox 367 478 553 517; x_wconf 86' lang='lat' dir='ltr'>camelos</span> <span class='ocrx_word' id='word_1_28' title='bbox 575 474 764 528; x_wconf 88' lang='lat' dir='ltr'>pignoris</span> <span class='ocrx_word' id='word_1_29' title='bbox 794 475 888 515; x_wconf 91' lang='lat' dir='ltr'>loco</span> <span class='ocrx_word' id='word_1_30' title='bbox 905 473 1044 530; x_wconf 72' lang='lat' dir='ltr'>&#39;dan-et,</span> <span class='ocrx_word' id='word_1_31' title='bbox 1067 483 1282 517; x_wconf 89' lang='lat' dir='ltr'>certamen</span> <span class='ocrx_word' id='word_1_32' title='bbox 1313 477 1472 516; x_wconf 85' lang='lat' dir='ltr'>inierat.</span> <span class='ocrx_word' id='word_1_33' title='bbox 1532 477 1658 516; x_wconf 83' lang='lat' dir='ltr'>Hanc</span> 
     </span>
     <span class='ocr_line' id='line_1_6' title="bbox 188 545 1654 602; baseline -0.001 -13"><span class='ocrx_word' id='word_1_34' title='bbox 188 563 290 589; x_wconf 81' lang='lat' dir='ltr'>vero</span> <span class='ocrx_word' id='word_1_35' title='bbox 324 548 375 587; x_wconf 94' lang='lat' dir='ltr'>ob</span> <span class='ocrx_word' id='word_1_36' title='bbox 420 561 508 587; x_wconf 87' lang='lat' dir='ltr'>rem</span> <span class='ocrx_word' id='word_1_37' title='bbox 539 559 665 599; x_wconf 88' lang='lat' dir='ltr'>quum</span> <span class='ocrx_word' id='word_1_38' title='bbox 702 545 986 585; x_wconf 83' lang='lat' dir='ltr'>Kirwaschus</span> <span class='ocrx_word' id='word_1_39' title='bbox 1025 559 1118 586; x_wconf 89' lang='lat' dir='ltr'>cum</span> <span class='ocrx_word' id='word_1_40' title='bbox 1165 549 1298 588; x_wconf 85' lang='lat' dir='ltr'>Kaiso</span> <span class='ocrx_word' id='word_1_41' title='bbox 1329 549 1654 602; x_wconf 80' lang='lat' dir='ltr'>colloqueretur,</span> 
     </span>
     <span class='ocr_line' id='line_1_7' title="bbox 188 616 1658 671; baseline -0.002 -10"><span class='ocrx_word' id='word_1_42' title='bbox 188 622 255 661; x_wconf 91' lang='lat' dir='ltr'>hic</span> <span class='ocrx_word' id='word_1_43' title='bbox 305 621 457 659; x_wconf 83' lang='lat' dir='ltr'>malum</span> <span class='ocrx_word' id='word_1_44' title='bbox 508 623 708 658; x_wconf 66' lang='lat' dir='ltr'>eventum</span> <span class='ocrx_word' id='word_1_45' title='bbox 748 616 1004 668; x_wconf 79' lang='lat' dir='ltr'>praevidens</span> <span class='ocrx_word' id='word_1_46' title='bbox 1042 631 1130 657; x_wconf 89' lang='lat' dir='ltr'>rem</span> <span class='ocrx_word' id='word_1_47' title='bbox 1162 618 1387 669; x_wconf 77' lang='lat' dir='ltr'>dissuasit3</span> <span class='ocrx_word' id='word_1_48' title='bbox 1417 625 1484 671; x_wconf 88' lang='lat' dir='ltr'>at,</span> <span class='ocrx_word' id='word_1_49' title='bbox 1529 631 1658 670; x_wconf 90' lang='lat' dir='ltr'>quum</span> 
     </span>
     <span class='ocr_line' id='line_1_8' title="bbox 187 687 1700 742; baseline -0.001 -11"><span class='ocrx_word' id='word_1_50' title='bbox 187 693 258 731; x_wconf 90' lang='lat' dir='ltr'>ille</span> <span class='ocrx_word' id='word_1_51' title='bbox 288 704 376 730; x_wconf 83' lang='lat' dir='ltr'>rem</span> <span class='ocrx_word' id='word_1_52' title='bbox 406 689 693 729; x_wconf 84' lang='lat' dir='ltr'>necessariam</span> <span class='ocrx_word' id='word_1_53' title='bbox 726 688 884 726; x_wconf 84' lang='lat' dir='ltr'>factam</span> <span class='ocrx_word' id='word_1_54' title='bbox 911 700 1010 727; x_wconf 91' lang='lat' dir='ltr'>esse</span> <span class='ocrx_word' id='word_1_55' title='bbox 1041 687 1219 742; x_wconf 86' lang='lat' dir='ltr'>diceret,</span> <span class='ocrx_word' id='word_1_56' title='bbox 1242 688 1294 728; x_wconf 87' lang='lat' dir='ltr'>ad</span> <span class='ocrx_word' id='word_1_57' title='bbox 1325 690 1523 729; x_wconf 88' lang='lat' dir='ltr'>Hamlum</span> <span class='ocrx_word' id='word_1_58' title='bbox 1546 690 1655 729; x_wconf 88' lang='lat' dir='ltr'>ben—</span> <span class='ocrx_word' id='word_1_59' title='bbox 1698 722 1700 724; x_wconf 56' lang='grc'>,</span> 
     </span>
     <span class='ocr_line' id='line_1_9' title="bbox 187 758 1659 813; baseline -0.002 -10"><span class='ocrx_word' id='word_1_60' title='bbox 187 762 299 802; x_wconf 87' lang='lat' dir='ltr'>Badr</span> <span class='ocrx_word' id='word_1_61' title='bbox 328 774 377 801; x_wconf 90' lang='lat' dir='ltr'>se</span> <span class='ocrx_word' id='word_1_62' title='bbox 418 760 593 800; x_wconf 86' lang='lat' dir='ltr'>contulit</span> <span class='ocrx_word' id='word_1_63' title='bbox 631 758 793 811; x_wconf 86' lang='lat' dir='ltr'>dicens,</span> <span class='ocrx_word' id='word_1_64' title='bbox 834 771 883 797; x_wconf 90' lang='lat' dir='ltr'>se</span> <span class='ocrx_word' id='word_1_65' title='bbox 924 771 997 810; x_wconf 92' lang='lat' dir='ltr'>pro</span> <span class='ocrx_word' id='word_1_66' title='bbox 1035 759 1155 798; x_wconf 87' lang='lat' dir='ltr'>socio</span> <span class='ocrx_word' id='word_1_67' title='bbox 1184 760 1339 812; x_wconf 83' lang='lat' dir='ltr'>pignus</span> <span class='ocrx_word' id='word_1_68' title='bbox 1371 760 1659 813; x_wconf 88' lang='lat' dir='ltr'>depositurum</span> 
     </span>
     <span class='ocr_line' id='line_1_10' title="bbox 188 829 1658 884; baseline -0.003 -9"><span class='ocrx_word' id='word_1_69' title='bbox 188 847 301 875; x_wconf 85' lang='lat' dir='ltr'>esse.</span> <span class='ocrx_word' id='word_1_70' title='bbox 358 834 419 872; x_wconf 91' lang='lat' dir='ltr'>At</span> <span class='ocrx_word' id='word_1_71' title='bbox 447 832 625 871; x_wconf 84' lang='lat' dir='ltr'>Hamlus</span> <span class='ocrx_word' id='word_1_72' title='bbox 655 829 879 869; x_wconf 84' lang='lat' dir='ltr'>ben-Badr</span> <span class='ocrx_word' id='word_1_73' title='bbox 910 830 1024 869; x_wconf 84' lang='lat' dir='ltr'>fastu</span> <span class='ocrx_word' id='word_1_74' title='bbox 1055 832 1216 884; x_wconf 82' lang='lat' dir='ltr'>elatus,</span> <span class='ocrx_word' id='word_1_75' title='bbox 1246 844 1309 883; x_wconf 88' lang='lat' dir='ltr'>se,</span> <span class='ocrx_word' id='word_1_76' title='bbox 1341 832 1420 871; x_wconf 89' lang='lat' dir='ltr'>nisi</span> <span class='ocrx_word' id='word_1_77' title='bbox 1451 833 1543 872; x_wconf 87' lang='lat' dir='ltr'>illos</span> <span class='ocrx_word' id='word_1_78' title='bbox 1578 832 1658 871; x_wconf 90' lang='lat' dir='ltr'>de-</span> 
     </span>
     <span class='ocr_line' id='line_1_11' title="bbox 188 900 1659 957; baseline -0.001 -12"><span class='ocrx_word' id='word_1_79' title='bbox 188 918 280 945; x_wconf 90' lang='lat' dir='ltr'>cem</span> <span class='ocrx_word' id='word_1_80' title='bbox 305 903 492 944; x_wconf 86' lang='lat' dir='ltr'>camelos</span> <span class='ocrx_word' id='word_1_81' title='bbox 521 901 796 953; x_wconf 68' lang='lat' dir='ltr'>adduxisset,</span> <span class='ocrx_word' id='word_1_82' title='bbox 827 901 980 953; x_wconf 82' lang='lat' dir='ltr'>pignus</span> <span class='ocrx_word' id='word_1_83' title='bbox 1011 900 1300 953; x_wconf 88' lang='lat' dir='ltr'>depositurum</span> <span class='ocrx_word' id='word_1_84' title='bbox 1333 915 1450 956; x_wconf 86' lang='lat' dir='ltr'>esse,</span> <span class='ocrx_word' id='word_1_85' title='bbox 1483 904 1659 957; x_wconf 83' lang='lat' dir='ltr'>negavit</span> 
     </span>
     <span class='ocr_line' id='line_1_12' title="bbox 190 972 1658 1029; baseline -0.002 -13"><span class='ocrx_word' id='word_1_86' title='bbox 190 983 232 1016; x_wconf 89' lang='lat' dir='ltr'>et</span> <span class='ocrx_word' id='word_1_87' title='bbox 263 989 391 1029; x_wconf 88' lang='lat' dir='ltr'>quum</span> <span class='ocrx_word' id='word_1_88' title='bbox 435 975 516 1013; x_wconf 87' lang='lat' dir='ltr'>hac</span> <span class='ocrx_word' id='word_1_89' title='bbox 557 973 609 1012; x_wconf 88' lang='lat' dir='ltr'>de</span> <span class='ocrx_word' id='word_1_90' title='bbox 640 985 773 1012; x_wconf 84' lang='lat' dir='ltr'>causa</span> <span class='ocrx_word' id='word_1_91' title='bbox 803 973 936 1011; x_wconf 84' lang='lat' dir='ltr'>iratus</span> <span class='ocrx_word' id='word_1_92' title='bbox 966 972 1124 1014; x_wconf 81' lang='lat' dir='ltr'>Kaisus</span> <span class='ocrx_word' id='word_1_93' title='bbox 1154 974 1304 1025; x_wconf 83' lang='lat' dir='ltr'>viginti</span> <span class='ocrx_word' id='word_1_94' title='bbox 1342 974 1530 1013; x_wconf 87' lang='lat' dir='ltr'>camelos</span> <span class='ocrx_word' id='word_1_95' title='bbox 1559 986 1658 1013; x_wconf 88' lang='lat' dir='ltr'>esse</span> 
     </span>
     <span class='ocr_line' id='line_1_13' title="bbox 192 1041 1658 1098; baseline -0.003 -11"><span class='ocrx_word' id='word_1_96' title='bbox 192 1048 372 1088; x_wconf 78' lang='lat' dir='ltr'>dixisset</span> <span class='ocrx_word' id='word_1_97' title='bbox 390 1044 638 1098; x_wconf 40' lang='lat' dir='ltr'>et31⁷1amluS,</span> <span class='ocrx_word' id='word_1_98' title='bbox 669 1041 950 1096; x_wconf 56' lang='lat' dir='ltr'>imofltliginta,</span> <span class='ocrx_word' id='word_1_99' title='bbox 983 1042 1412 1097; x_wconf 79' lang='lat' dir='ltr'>dicereperrexisset,</span> <span class='ocrx_word' id='word_1_100' title='bbox 1436 1044 1533 1084; x_wconf 91' lang='lat' dir='ltr'>dum</span> <span class='ocrx_word' id='word_1_101' title='bbox 1548 1057 1658 1083; x_wconf 86' lang='lat' dir='ltr'>unus</span> 
     </span>
     <span class='ocr_line' id='line_1_14' title="bbox 189 1115 1659 1171; baseline -0.003 -12"><span class='ocrx_word' id='word_1_102' title='bbox 189 1131 356 1171; x_wconf 82' lang='lat' dir='ltr'>semper</span> <span class='ocrx_word' id='word_1_103' title='bbox 395 1121 573 1168; x_wconf 80' lang='lat' dir='ltr'>augeret</span> <span class='ocrx_word' id='word_1_104' title='bbox 616 1115 786 1153; x_wconf 79' lang='lat' dir='ltr'>alterius</span> <span class='ocrx_word' id='word_1_105' title='bbox 815 1126 1047 1167; x_wconf 87' lang='lat' dir='ltr'>numerum,</span> <span class='ocrx_word' id='word_1_106' title='bbox 1079 1127 1103 1153; x_wconf 84' lang='lat' dir='ltr'><strong>a</strong></span> <span class='ocrx_word' id='word_1_107' title='bbox 1135 1115 1267 1154; x_wconf 85' lang='lat' dir='ltr'>Kaiso</span> <span class='ocrx_word' id='word_1_108' title='bbox 1301 1127 1437 1168; x_wconf 89' lang='lat' dir='ltr'>usque</span> <span class='ocrx_word' id='word_1_109' title='bbox 1468 1115 1521 1155; x_wconf 86' lang='lat' dir='ltr'>ad</span> <span class='ocrx_word' id='word_1_110' title='bbox 1552 1128 1659 1154; x_wconf 66' lang='lat' dir='ltr'>‹ten-</span> 
     </span>
     <span class='ocr_line' id='line_1_15' title="bbox 189 1186 1660 1238; baseline -0.003 -7"><span class='ocrx_word' id='word_1_111' title='bbox 189 1198 274 1231; x_wconf 84' lang='lat' dir='ltr'>tum</span> <span class='ocrx_word' id='word_1_112' title='bbox 320 1200 518 1229; x_wconf 88' lang='lat' dir='ltr'>numerus</span> <span class='ocrx_word' id='word_1_113' title='bbox 557 1191 711 1226; x_wconf 85' lang='lat' dir='ltr'>auctus</span> <span class='ocrx_word' id='word_1_114' title='bbox 751 1192 830 1226; x_wconf 88' lang='lat' dir='ltr'>est.</span> <span class='ocrx_word' id='word_1_115' title='bbox 897 1187 1201 1238; x_wconf 82' lang='lat' dir='ltr'>Deponebatur</span> <span class='ocrx_word' id='word_1_116' title='bbox 1237 1192 1380 1226; x_wconf 87' lang='lat' dir='ltr'>autem</span> <span class='ocrx_word' id='word_1_117' title='bbox 1421 1186 1521 1226; x_wconf 89' lang='lat' dir='ltr'>illud</span> <span class='ocrx_word' id='word_1_118' title='bbox 1552 1200 1660 1227; x_wconf 91' lang='lat' dir='ltr'>con-</span> 
     </span>
     <span class='ocr_line' id='line_1_16' title="bbox 191 1246 1658 1313; baseline -0.003 -10"><span class='ocrx_word' id='word_1_119' title='bbox 191 1264 382 1303; x_wconf 88' lang='lat' dir='ltr'>stitutum</span> <span class='ocrx_word' id='word_1_120' title='bbox 414 1259 567 1313; x_wconf 84' lang='lat' dir='ltr'>pignus</span> <span class='ocrx_word' id='word_1_121' title='bbox 596 1256 704 1309; x_wconf 86' lang='lat' dir='ltr'>apud</span> <span class='ocrx_word' id='word_1_122' title='bbox 737 1246 992 1297; x_wconf 84' lang='lat' dir='ltr'>Ghallakur&#39;n</span> <span class='ocrx_word' id='word_1_123' title='bbox 1024 1263 1096 1296; x_wconf 87' lang='lat' dir='ltr'>aut</span> <span class='ocrx_word' id='word_1_124' title='bbox 1118 1256 1317 1297; x_wconf 80' lang='lat' dir='ltr'>Ghallaki</span> <span class='ocrx_word' id='word_1_125' title='bbox 1346 1258 1489 1311; x_wconf 86' lang='lat' dir='ltr'>filium,</span> <span class='ocrx_word' id='word_1_126' title='bbox 1520 1258 1658 1298; x_wconf 84' lang='lat' dir='ltr'>virum</span> 
     </span>
     <span class='ocr_line' id='line_1_17' title="bbox 191 1328 1660 1387; baseline -0.005 -13"><span class='ocrx_word' id='word_1_127' title='bbox 191 1349 215 1375; x_wconf 92' lang='lat' dir='ltr'>e</span> <span class='ocrx_word' id='word_1_128' title='bbox 245 1339 377 1387; x_wconf 86' lang='lat' dir='ltr'>gente</span> <span class='ocrx_word' id='word_1_129' title='bbox 406 1329 819 1371; x_wconf 82' lang='lat' dir='ltr'>Banu-&#39;l&#39;sahlebah</span> <span class='ocrx_word' id='word_1_130' title='bbox 848 1328 1111 1369; x_wconf 87' lang='lat' dir='ltr'>ben-Sahd.</span> <span class='ocrx_word' id='word_1_131' title='bbox 1169 1329 1332 1368; x_wconf 84' lang='lat' dir='ltr'>Kaisus</span> <span class='ocrx_word' id='word_1_132' title='bbox 1382 1330 1535 1369; x_wconf 86' lang='lat' dir='ltr'>Hamlo</span> <span class='ocrx_word' id='word_1_133' title='bbox 1578 1331 1660 1368; x_wconf 86' lang='lat' dir='ltr'>eli-</span> 
     </span>
     <span class='ocr_line' id='line_1_18' title="bbox 191 1399 1662 1461; baseline -0.004 -16"><span class='ocrx_word' id='word_1_134' title='bbox 191 1405 319 1461; x_wconf 84' lang='lat' dir='ltr'>gendi</span> <span class='ocrx_word' id='word_1_135' title='bbox 348 1404 413 1442; x_wconf 93' lang='lat' dir='ltr'>ius</span> <span class='ocrx_word' id='word_1_136' title='bbox 441 1402 483 1441; x_wconf 90' lang='lat' dir='ltr'>in</span> <span class='ocrx_word' id='word_1_137' title='bbox 512 1401 643 1439; x_wconf 85' lang='lat' dir='ltr'>tribus</span> <span class='ocrx_word' id='word_1_138' title='bbox 673 1400 797 1438; x_wconf 86' lang='lat' dir='ltr'>rebus</span> <span class='ocrx_word' id='word_1_139' title='bbox 829 1399 1134 1438; x_wconf 84' lang='lat' dir='ltr'>constituendis</span> <span class='ocrx_word' id='word_1_140' title='bbox 1165 1401 1406 1452; x_wconf 80' lang='lat' dir='ltr'>concessit,</span> <span class='ocrx_word' id='word_1_141' title='bbox 1449 1401 1506 1439; x_wconf 86' lang='lat' dir='ltr'>ita</span> <span class='ocrx_word' id='word_1_142' title='bbox 1534 1407 1595 1453; x_wconf 88' lang='lat' dir='ltr'>ut,</span> <span class='ocrx_word' id='word_1_143' title='bbox 1625 1401 1662 1439; x_wconf 91' lang='lat' dir='ltr'>si</span> 
     </span>
     <span class='ocr_line' id='line_1_19' title="bbox 192 1469 1648 1528; baseline -0.004 -11"><span class='ocrx_word' id='word_1_144' title='bbox 192 1480 297 1518; x_wconf 85' lang='lat' dir='ltr'>alter</span> <span class='ocrx_word' id='word_1_145' title='bbox 326 1476 506 1528; x_wconf 89' lang='lat' dir='ltr'>primum</span> <span class='ocrx_word' id='word_1_146' title='bbox 536 1472 718 1524; x_wconf 84' lang='lat' dir='ltr'>diceret,</span> <span class='ocrx_word' id='word_1_147' title='bbox 760 1470 880 1510; x_wconf 86' lang='lat' dir='ltr'>alteri</span> <span class='ocrx_word' id='word_1_148' title='bbox 910 1469 1019 1509; x_wconf 80' lang='lat' dir='ltr'>duae</span> <span class='ocrx_word' id='word_1_149' title='bbox 1050 1483 1119 1509; x_wconf 92' lang='lat' dir='ltr'>res</span> <span class='ocrx_word' id='word_1_150' title='bbox 1148 1471 1471 1511; x_wconf 84' lang='lat' dir='ltr'>constituendae</span> <span class='ocrx_word' id='word_1_151' title='bbox 1501 1478 1648 1511; x_wconf 89' lang='lat' dir='ltr'>esseut</span> 
     </span>
     <span class='ocr_line' id='line_1_20' title="bbox 193 1542 1660 1595; baseline -0.005 -7"><span class='ocrx_word' id='word_1_152' title='bbox 193 1549 375 1589; x_wconf 86' lang='lat' dir='ltr'>Hamlus</span> <span class='ocrx_word' id='word_1_153' title='bbox 397 1544 563 1585; x_wconf 88' lang='lat' dir='ltr'>dicendi</span> <span class='ocrx_word' id='word_1_154' title='bbox 593 1544 750 1582; x_wconf 89' lang='lat' dir='ltr'>initium</span> <span class='ocrx_word' id='word_1_155' title='bbox 774 1542 988 1582; x_wconf 86' lang='lat' dir='ltr'>concessit</span> <span class='ocrx_word' id='word_1_156' title='bbox 1019 1542 1153 1581; x_wconf 77' lang='lat' dir='ltr'>Kaiso</span> <span class='ocrx_word' id='word_1_157' title='bbox 1185 1548 1227 1580; x_wconf 88' lang='lat' dir='ltr'>et</span> <span class='ocrx_word' id='word_1_158' title='bbox 1257 1543 1340 1595; x_wconf 85' lang='lat' dir='ltr'>hie,</span> <span class='ocrx_word' id='word_1_159' title='bbox 1395 1549 1440 1582; x_wconf 89' lang='lat' dir='ltr'>ut</span> <span class='ocrx_word' id='word_1_160' title='bbox 1478 1544 1660 1595; x_wconf 85' lang='lat' dir='ltr'>spatium</span> 
     </span>
     <span class='ocr_line' id='line_1_21' title="bbox 195 1613 1662 1667; baseline -0.006 -6"><span class='ocrx_word' id='word_1_161' title='bbox 195 1632 347 1661; x_wconf 92' lang='lat' dir='ltr'>cursus</span> <span class='ocrx_word' id='word_1_162' title='bbox 408 1624 579 1657; x_wconf 87' lang='lat' dir='ltr'>eentum</span> <span class='ocrx_word' id='word_1_163' title='bbox 614 1616 867 1667; x_wconf 83' lang='lat' dir='ltr'>sagittarum</span> <span class='ocrx_word' id='word_1_164' title='bbox 911 1614 1092 1652; x_wconf 85' lang='lat' dir='ltr'>iactibus</span> <span class='ocrx_word' id='word_1_165' title='bbox 1132 1613 1397 1666; x_wconf 79' lang='lat' dir='ltr'>definiretur,</span> <span class='ocrx_word' id='word_1_166' title='bbox 1433 1615 1662 1654; x_wconf 85' lang='lat' dir='ltr'>constituit.</span> 
     </span>
     <span class='ocr_line' id='line_1_22' title="bbox 195 1684 1658 1749; baseline -0.005 -17"><span class='ocrx_word' id='word_1_167' title='bbox 195 1693 373 1732; x_wconf 87' lang='lat' dir='ltr'>Hamlus</span> <span class='ocrx_word' id='word_1_168' title='bbox 387 1695 555 1740; x_wconf 89' lang='lat' dir='ltr'>tempus</span> <span class='ocrx_word' id='word_1_169' title='bbox 576 1693 618 1726; x_wconf 88' lang='lat' dir='ltr'>et</span> <span class='ocrx_word' id='word_1_170' title='bbox 646 1688 785 1726; x_wconf 87' lang='lat' dir='ltr'>locum</span> <span class='ocrx_word' id='word_1_171' title='bbox 816 1684 1004 1749; x_wconf 40' lang='lat' dir='ltr'>gut-m),</span> <span class='ocrx_word' id='word_1_172' title='bbox 1039 1685 1107 1723; x_wconf 89' lang='lat' dir='ltr'>ubi</span> <span class='ocrx_word' id='word_1_173' title='bbox 1136 1685 1189 1724; x_wconf 86' lang='lat' dir='ltr'>ad</span> <span class='ocrx_word' id='word_1_174' title='bbox 1221 1697 1389 1724; x_wconf 86' lang='lat' dir='ltr'>cursum</span> <span class='ocrx_word' id='word_1_175' title='bbox 1422 1697 1658 1737; x_wconf 85' lang='lat' dir='ltr'>praepara-</span> 
     </span>
    </p>
   </div>
   <div class='ocr_carea' id='block_1_3' title="bbox 193 1765 1663 1830">
    <p class='ocr_par' dir='ltr' id='par_1_3' title="bbox 193 1765 1663 1830">
     <span class='ocr_line' id='line_1_23' title="bbox 193 1765 1663 1830; baseline -0.005 -16"><span class='ocrx_word' id='word_1_176' title='bbox 193 1776 344 1815; x_wconf 84' lang='lat' dir='ltr'>bantur</span> <span class='ocrx_word' id='word_1_177' title='bbox 374 1777 416 1810; x_wconf 89' lang='lat' dir='ltr'>ct</span> <span class='ocrx_word' id='word_1_178' title='bbox 434 1770 653 1809; x_wconf 83' lang='lat' dir='ltr'>terminum</span> <span class='ocrx_word' id='word_1_179' title='bbox 667 1767 748 1806; x_wconf 90' lang='lat' dir='ltr'>loci</span> <span class='ocrx_word' id='word_1_180' title='bbox 762 1766 963 1830; x_wconf 37' lang='lat' dir='ltr'>(oth-4⁴0),</span> <span class='ocrx_word' id='word_1_181' title='bbox 988 1766 1058 1804; x_wconf 85' lang='lat' dir='ltr'>ubi</span> <span class='ocrx_word' id='word_1_182' title='bbox 1072 1765 1123 1805; x_wconf 89' lang='lat' dir='ltr'>ad</span> <span class='ocrx_word' id='word_1_183' title='bbox 1138 1778 1289 1806; x_wconf 81' lang='lat' dir='ltr'>cursus</span> <span class='ocrx_word' id='word_1_184' title='bbox 1309 1774 1522 1807; x_wconf 82' lang='lat' dir='ltr'>certamen</span> <span class='ocrx_word' id='word_1_185' title='bbox 1537 1768 1663 1807; x_wconf 86' lang='lat' dir='ltr'>emit-</span> 
     </span>
    </p>
   </div>
   <div class='ocr_carea' id='block_1_4' title="bbox 195 1849 1665 2336">
    <p class='ocr_par' dir='ltr' id='par_1_4' title="bbox 195 1849 1665 2336">
     <span class='ocr_line' id='line_1_24' title="bbox 195 1849 1662 1906; baseline -0.005 -10"><span class='ocrx_word' id='word_1_186' title='bbox 195 1857 404 1906; x_wconf 79' lang='lat' dir='ltr'>tebantur,</span> <span class='ocrx_word' id='word_1_187' title='bbox 418 1853 560 1906; x_wconf 83' lang='lat' dir='ltr'>clegit.</span> <span class='ocrx_word' id='word_1_188' title='bbox 574 1853 679 1890; x_wconf 80' lang='lat' dir='ltr'>Tum</span> <span class='ocrx_word' id='word_1_189' title='bbox 693 1861 847 1889; x_wconf 89' lang='lat' dir='ltr'>cursus</span> <span class='ocrx_word' id='word_1_190' title='bbox 867 1849 1050 1900; x_wconf 86' lang='lat' dir='ltr'>spatium</span> <span class='ocrx_word' id='word_1_191' title='bbox 1075 1849 1422 1888; x_wconf 79' lang='lat' dir='ltr'>constituebatur.</span> <span class='ocrx_word' id='word_1_192' title='bbox 1445 1850 1547 1889; x_wconf 88' lang='lat' dir='ltr'>Erat</span> <span class='ocrx_word' id='word_1_193' title='bbox 1568 1849 1662 1889; x_wconf 88' lang='lat' dir='ltr'>finis</span> 
     </span>
     <span class='ocr_line' id='line_1_25' title="bbox 197 1919 1664 1972; baseline -0.005 -5"><span class='ocrx_word' id='word_1_194' title='bbox 197 1938 350 1966; x_wconf 88' lang='lat' dir='ltr'>cursus</span> <span class='ocrx_word' id='word_1_195' title='bbox 384 1927 514 1965; x_wconf 68' lang='lat' dir='ltr'>fovea</span> <span class='ocrx_word' id='word_1_196' title='bbox 545 1923 584 1961; x_wconf 91' lang='lat' dir='ltr'>in</span> <span class='ocrx_word' id='word_1_197' title='bbox 615 1922 722 1961; x_wconf 90' lang='lat' dir='ltr'>colle</span> <span class='ocrx_word' id='word_1_198' title='bbox 745 1933 769 1960; x_wconf 84' lang='lat' dir='ltr'><strong>a</strong></span> <span class='ocrx_word' id='word_1_199' title='bbox 799 1920 948 1959; x_wconf 66' lang='lat' dir='ltr'>natm-51</span> <span class='ocrx_word' id='word_1_200' title='bbox 978 1920 1110 1971; x_wconf 82' lang='lat' dir='ltr'>sacta,</span> <span class='ocrx_word' id='word_1_201' title='bbox 1134 1919 1204 1958; x_wconf 90' lang='lat' dir='ltr'>ubi</span> <span class='ocrx_word' id='word_1_202' title='bbox 1235 1932 1342 1972; x_wconf 81' lang='lat' dir='ltr'>aqua</span> <span class='ocrx_word' id='word_1_203' title='bbox 1367 1920 1563 1972; x_wconf 83' lang='lat' dir='ltr'>pluvialis</span> <span class='ocrx_word' id='word_1_204' title='bbox 1592 1933 1664 1959; x_wconf 77' lang='lat' dir='ltr'>re-</span> 
     </span>
     <span class='ocr_line' id='line_1_26' title="bbox 197 1992 1665 2052; baseline -0.005 -14"><span class='ocrx_word' id='word_1_205' title='bbox 197 1998 444 2052; x_wconf 78' lang='lat' dir='ltr'>stagnabat,</span> <span class='ocrx_word' id='word_1_206' title='bbox 475 1992 767 2035; x_wconf 84' lang='lat' dir='ltr'>Dsat-Olizad</span> <span class='ocrx_word' id='word_1_207' title='bbox 797 1993 1023 2045; x_wconf 81' lang='lat' dir='ltr'>appellata,</span> <span class='ocrx_word' id='word_1_208' title='bbox 1055 1992 1213 2030; x_wconf 87' lang='lat' dir='ltr'>initium</span> <span class='ocrx_word' id='word_1_209' title='bbox 1246 2003 1397 2030; x_wconf 89' lang='lat' dir='ltr'>cursus</span> <span class='ocrx_word' id='word_1_210' title='bbox 1429 1992 1574 2045; x_wconf 59' lang='lat' dir='ltr'>aloco,</span> <span class='ocrx_word' id='word_1_211' title='bbox 1599 1992 1665 2031; x_wconf 92' lang='lat' dir='ltr'>cui</span> 
     </span>
     <span class='ocr_line' id='line_1_27' title="bbox 196 2063 1665 2119; baseline -0.005 -9"><span class='ocrx_word' id='word_1_212' title='bbox 196 2083 347 2110; x_wconf 86' lang='lat' dir='ltr'>nomen</span> <span class='ocrx_word' id='word_1_213' title='bbox 378 2081 459 2108; x_wconf 90' lang='lat' dir='ltr'>non</span> <span class='ocrx_word' id='word_1_214' title='bbox 491 2072 571 2119; x_wconf 90' lang='lat' dir='ltr'>est,</span> <span class='ocrx_word' id='word_1_215' title='bbox 604 2064 842 2104; x_wconf 84' lang='lat' dir='ltr'>faciendum</span> <span class='ocrx_word' id='word_1_216' title='bbox 865 2070 966 2102; x_wconf 82' lang='lat' dir='ltr'>crat.</span> <span class='ocrx_word' id='word_1_217' title='bbox 1024 2063 1174 2115; x_wconf 86' lang='lat' dir='ltr'>Equus</span> <span class='ocrx_word' id='word_1_218' title='bbox 1208 2070 1366 2116; x_wconf 84' lang='lat' dir='ltr'>autem,</span> <span class='ocrx_word' id='word_1_219' title='bbox 1409 2064 1478 2115; x_wconf 84' lang='lat' dir='ltr'>qui</span> <span class='ocrx_word' id='word_1_220' title='bbox 1507 2064 1665 2115; x_wconf 87' lang='lat' dir='ltr'>primus</span> 
     </span>
     <span class='ocr_line' id='line_1_28' title="bbox 200 2134 1664 2188; baseline -0.005 -6"><span class='ocrx_word' id='word_1_221' title='bbox 200 2142 254 2182; x_wconf 78' lang='lat' dir='ltr'>ad</span> <span class='ocrx_word' id='word_1_222' title='bbox 294 2142 403 2180; x_wconf 79' lang='lat' dir='ltr'>illam</span> <span class='ocrx_word' id='word_1_223' title='bbox 446 2141 617 2179; x_wconf 80' lang='lat' dir='ltr'>foveam</span> <span class='ocrx_word' id='word_1_224' title='bbox 657 2135 825 2175; x_wconf 88' lang='lat' dir='ltr'>bibendi</span> <span class='ocrx_word' id='word_1_225' title='bbox 866 2147 1023 2188; x_wconf 84' lang='lat' dir='ltr'>causa,</span> <span class='ocrx_word' id='word_1_226' title='bbox 1087 2135 1155 2172; x_wconf 88' lang='lat' dir='ltr'>siti</span> <span class='ocrx_word' id='word_1_227' title='bbox 1199 2135 1307 2173; x_wconf 88' lang='lat' dir='ltr'>enim</span> <span class='ocrx_word' id='word_1_228' title='bbox 1349 2141 1475 2174; x_wconf 80' lang='lat' dir='ltr'>autea</span> <span class='ocrx_word' id='word_1_229' title='bbox 1507 2134 1664 2174; x_wconf 80' lang='lat' dir='ltr'>adfecti</span> 
     </span>
     <span class='ocr_line' id='line_1_29' title="bbox 200 2205 1664 2261; baseline -0.005 -9"><span class='ocrx_word' id='word_1_230' title='bbox 200 2219 336 2260; x_wconf 82' lang='lat' dir='ltr'>erant,</span> <span class='ocrx_word' id='word_1_231' title='bbox 360 2214 629 2261; x_wconf 81' lang='lat' dir='ltr'>accesserat,</span> <span class='ocrx_word' id='word_1_232' title='bbox 658 2207 877 2245; x_wconf 80' lang='lat' dir='ltr'>victoriam</span> <span class='ocrx_word' id='word_1_233' title='bbox 908 2211 1153 2257; x_wconf 83' lang='lat' dir='ltr'>reportasse</span> <span class='ocrx_word' id='word_1_234' title='bbox 1194 2205 1428 2255; x_wconf 80' lang='lat' dir='ltr'>putabatur.</span> <span class='ocrx_word' id='word_1_235' title='bbox 1483 2206 1664 2244; x_wconf 87' lang='lat' dir='ltr'>Hamlus</span> 
     </span>
     <span class='ocr_line' id='line_1_30' title="bbox 199 2276 1664 2336; baseline -0.005 -13"><span class='ocrx_word' id='word_1_236' title='bbox 199 2290 338 2324; x_wconf 82' lang='lat' dir='ltr'>autem</span> <span class='ocrx_word' id='word_1_237' title='bbox 368 2283 503 2322; x_wconf 85' lang='lat' dir='ltr'>cibum</span> <span class='ocrx_word' id='word_1_238' title='bbox 535 2280 642 2320; x_wconf 83' lang='lat' dir='ltr'>Hais</span> <span class='ocrx_word' id='word_1_239' title='bbox 673 2277 848 2336; x_wconf 50' lang='lat' dir='ltr'>(W)</span> <span class='ocrx_word' id='word_1_240' title='bbox 876 2277 1127 2328; x_wconf 81' lang='lat' dir='ltr'>appellatum</span> <span class='ocrx_word' id='word_1_241' title='bbox 1175 2287 1271 2314; x_wconf 87' lang='lat' dir='ltr'>cum</span> <span class='ocrx_word' id='word_1_242' title='bbox 1305 2276 1443 2315; x_wconf 87' lang='lat' dir='ltr'>situlis</span> <span class='ocrx_word' id='word_1_243' title='bbox 1475 2277 1514 2315; x_wconf 87' lang='lat' dir='ltr'>in</span> <span class='ocrx_word' id='word_1_244' title='bbox 1547 2277 1664 2316; x_wconf 88' lang='lat' dir='ltr'>collis</span> 
     </span>
    </p>
   </div>
   <div class='ocr_carea' id='block_1_5' title="bbox 199 2349 1662 2419">
    <p class='ocr_par' dir='ltr' id='par_1_5' title="bbox 199 2349 1662 2419">
     <span class='ocr_line' id='line_1_31' title="bbox 199 2349 1662 2419; baseline -0.003 -17"><span class='ocrx_word' id='word_1_245' title='bbox 199 2364 408 2418; x_wconf 80' lang='lat' dir='ltr'>angustiis</span> <span class='ocrx_word' id='word_1_246' title='bbox 438 2364 612 2415; x_wconf 83' lang='lat' dir='ltr'>(postea</span> <span class='ocrx_word' id='word_1_247' title='bbox 643 2349 779 2419; x_wconf 38' lang='lat'>&amp;535</span> <span class='ocrx_word' id='word_1_248' title='bbox 820 2365 952 2403; x_wconf 36' lang='lat' dir='ltr'>,aaz</span> <span class='ocrx_word' id='word_1_249' title='bbox 979 2357 1122 2396; x_wconf 83' lang='lat' dir='ltr'>eadem</span> <span class='ocrx_word' id='word_1_250' title='bbox 1154 2356 1206 2395; x_wconf 83' lang='lat' dir='ltr'>de</span> <span class='ocrx_word' id='word_1_251' title='bbox 1247 2369 1375 2396; x_wconf 82' lang='lat' dir='ltr'>causa</span> <span class='ocrx_word' id='word_1_252' title='bbox 1417 2359 1662 2410; x_wconf 81' lang='lat' dir='ltr'>appellatis)</span> 
     </span>
    </p>
   </div>
   <div class='ocr_carea' id='block_1_6' title="bbox 199 2438 1664 2572">
    <p class='ocr_par' dir='ltr' id='par_1_6' title="bbox 199 2438 1664 2572">
     <span class='ocr_line' id='line_1_32' title="bbox 199 2438 1664 2491; baseline -0.006 -5"><span class='ocrx_word' id='word_1_253' title='bbox 199 2447 329 2486; x_wconf 83' lang='lat' dir='ltr'>sociis</span> <span class='ocrx_word' id='word_1_254' title='bbox 368 2444 593 2483; x_wconf 82' lang='lat' dir='ltr'>latentibus</span> <span class='ocrx_word' id='word_1_255' title='bbox 647 2442 841 2489; x_wconf 78' lang='lat' dir='ltr'>miserat,</span> <span class='ocrx_word' id='word_1_256' title='bbox 884 2452 933 2478; x_wconf 81' lang='lat' dir='ltr'>ea</span> <span class='ocrx_word' id='word_1_257' title='bbox 964 2438 1202 2478; x_wconf 84' lang='lat' dir='ltr'>conditione</span> <span class='ocrx_word' id='word_1_258' title='bbox 1236 2446 1304 2491; x_wconf 83' lang='lat' dir='ltr'>ut.</span> <span class='ocrx_word' id='word_1_259' title='bbox 1346 2440 1381 2477; x_wconf 87' lang='lat' dir='ltr'>si</span> <span class='ocrx_word' id='word_1_260' title='bbox 1416 2439 1550 2478; x_wconf 84' lang='lat' dir='ltr'>Dahis</span> <span class='ocrx_word' id='word_1_261' title='bbox 1583 2452 1664 2491; x_wconf 82' lang='lat' dir='ltr'>ap-</span> 
     </span>
     <span class='ocr_line' id='line_1_33' title="bbox 200 2509 1662 2572; baseline -0.005 -16"><span class='ocrx_word' id='word_1_262' title='bbox 200 2519 380 2572; x_wconf 85' lang='lat' dir='ltr'>pellatus</span> <span class='ocrx_word' id='word_1_263' title='bbox 405 2526 538 2566; x_wconf 90' lang='lat' dir='ltr'>equus</span> <span class='ocrx_word' id='word_1_264' title='bbox 588 2514 764 2555; x_wconf 84' lang='lat' dir='ltr'>alterum</span> <span class='ocrx_word' id='word_1_265' title='bbox 807 2523 933 2550; x_wconf 88' lang='lat' dir='ltr'>cursu</span> <span class='ocrx_word' id='word_1_266' title='bbox 964 2510 1296 2562; x_wconf 82' lang='lat' dir='ltr'>praecessisset,</span> <span class='ocrx_word' id='word_1_267' title='bbox 1330 2509 1443 2548; x_wconf 80' lang='lat' dir='ltr'>inum</span> <span class='ocrx_word' id='word_1_268' title='bbox 1475 2523 1500 2549; x_wconf 83' lang='lat' dir='ltr'><strong>a</strong></span> <span class='ocrx_word' id='word_1_269' title='bbox 1530 2522 1662 2562; x_wconf 87' lang='lat' dir='ltr'>scopo</span> 
     </span>
    </p>
   </div>
   <div class='ocr_carea' id='block_1_7' title="bbox 225 2666 1664 2773">
    <p class='ocr_par' dir='ltr' id='par_1_7' title="bbox 225 2666 1664 2773">
     <span class='ocr_line' id='line_1_34' title="bbox 225 2666 1663 2716; baseline -0.006 -11"><span class='ocrx_word' id='word_1_270' title='bbox 225 2683 259 2715; x_wconf 84' lang='lat'>1)</span> <span class='ocrx_word' id='word_1_271' title='bbox 285 2680 352 2708; x_wconf 72' lang='lat' dir='ltr'>l&#39;cn·</span> <span class='ocrx_word' id='word_1_272' title='bbox 371 2674 606 2716; x_wconf 57' lang='lat' dir='ltr'>quadraginta</span> <span class='ocrx_word' id='word_1_273' title='bbox 632 2674 763 2704; x_wconf 67' lang='lat' dir='ltr'>dicrum</span> <span class='ocrx_word' id='word_1_274' title='bbox 790 2671 938 2709; x_wconf 61' lang='lat' dir='ltr'>spatium</span> <span class='ocrx_word' id='word_1_275' title='bbox 958 2669 1101 2699; x_wconf 64' lang='lat' dir='ltr'>nit-liure</span> <span class='ocrx_word' id='word_1_276' title='bbox 1128 2667 1254 2707; x_wconf 74' lang='lat' dir='ltr'>pabulo</span> <span class='ocrx_word' id='word_1_277' title='bbox 1279 2666 1352 2696; x_wconf 62' lang='lat' dir='ltr'>:aliti</span> <span class='ocrx_word' id='word_1_278' title='bbox 1378 2667 1408 2697; x_wconf 85' lang='lat' dir='ltr'>in</span> <span class='ocrx_word' id='word_1_279' title='bbox 1435 2667 1663 2706; x_wconf 78' lang='lat' dir='ltr'>hippodromo</span> 
     </span>
     <span class='ocr_line' id='line_1_35' title="bbox 289 2727 1664 2773; baseline -0.007 -7"><span class='ocrx_word' id='word_1_280' title='bbox 289 2737 571 2768; x_wconf 70' lang='lat' dir='ltr'>exercebantur.</span> <span class='ocrx_word' id='word_1_281' title='bbox 599 2739 631 2764; x_wconf 81' lang='lat' dir='ltr'>ut</span> <span class='ocrx_word' id='word_1_282' title='bbox 658 2733 684 2762; x_wconf 59' lang='lat' dir='ltr'>&gt;i</span> <span class='ocrx_word' id='word_1_283' title='bbox 713 2731 926 2773; x_wconf 60' lang='lat' dir='ltr'>pingui-sacti</span> <span class='ocrx_word' id='word_1_284' title='bbox 954 2734 1093 2762; x_wconf 43' lang='lat' dir='ltr'>essent.</span> <span class='ocrx_word' id='word_1_285' title='bbox 1118 2727 1272 2767; x_wconf 65' lang='lat' dir='ltr'>graciles</span> <span class='ocrx_word' id='word_1_286' title='bbox 1298 2732 1331 2757; x_wconf 78' lang='lat' dir='ltr'>et</span> <span class='ocrx_word' id='word_1_287' title='bbox 1358 2728 1401 2757; x_wconf 76' lang='lat' dir='ltr'>ad</span> <span class='ocrx_word' id='word_1_288' title='bbox 1427 2736 1566 2758; x_wconf 81' lang='lat' dir='ltr'>cursum</span> <span class='ocrx_word' id='word_1_289' title='bbox 1594 2727 1664 2767; x_wconf 76' lang='lat' dir='ltr'>apti</span> 
     </span>
    </p>
   </div>
   <div class='ocr_carea' id='block_1_8' title="bbox 287 2800 424 2830">
    <p class='ocr_par' dir='ltr' id='par_1_8' title="bbox 287 2800 424 2830">
     <span class='ocr_line' id='line_1_36' title="bbox 287 2800 424 2830; baseline 0.007 -3"><span class='ocrx_word' id='word_1_290' title='bbox 287 2800 424 2830; x_wconf 75' lang='lat' dir='ltr'>fierent.</span> 
     </span>
    </p>
   </div>
  </div>
 </body>
</html>
