1771 3072
798 39 1074 79 -72-

211 160 291 201 cibi
319 160 547 213 participes
583 168 741 215 essent,
774 161 840 200 ille
890 160 1098 201 invitavit.
1157 161 1348 213 Uterque
1387 160 1561 200 alterius
1598 159 1679 200 do-

210 234 294 272 lum
325 233 478 272 timens
506 246 587 272 uno
619 231 853 285 eodemque
882 238 1094 272 momento
1125 232 1176 272 ab
1211 245 1317 285 equo
1355 232 1509 272 desiliit
1547 238 1589 271 et
1627 232 1680 272 ad

211 305 350 344 cibum
379 305 582 344 accessit.
641 303 792 344 Cibum
821 310 1050 357 potumque
1084 318 1209 357 quum
1241 305 1520 358 sumsissent,
1560 305 1682 343 acci-

211 375 283 430 dit,
317 382 364 415 ut
394 376 444 415 ob
476 389 563 415 rem
602 376 682 428 ipsi
719 378 964 416 necessario
1004 375 1290 429 peragendam
1330 377 1602 415 Alachnasus
1639 376 1680 415 in

210 449 322 487 latus
352 446 556 487 secedere
588 452 826 501 cogeretur.
885 447 1073 487 Rediens
1103 448 1369 487 Lachmitam
1400 447 1439 486 in
1473 447 1684 500 sanguine

212 531 260 558 se
287 519 550 558 volutantem
591 519 760 558 invenit.
822 518 949 569 Quod
985 519 1138 558 videns
1179 519 1451 558 Alachnasus
1494 517 1681 571 gladium

210 589 398 640 ducens⁷
436 588 543 628 alter
592 590 699 628 enim
742 602 910 642 quoque
949 589 1138 641 gladium
1177 590 1452 642 evaginatum
1496 589 1682 644 tenebat,

210 660 336 700 dixit:
365 660 493 700 Vaeh
524 656 615 700 tibi!
648 662 713 700 'ru
743 661 878 700 virum
909 660 1117 714 occidisti,
1149 662 1269 700 cuius
1303 661 1442 700 cibum
1473 666 1514 700 et
1538 667 1681 713 potum

210 744 516 772 sumseramus.
575 732 697 771 Alter
726 738 891 771 autem:
936 732 1068 785 Sede,
1101 732 1230 785 dixit,
1261 745 1357 771 nam
1389 738 1435 771 ut
1464 732 1572 771 tales
1614 744 1682 770 res

210 815 535 856 perageremus,
567 803 794 842 exivimus.
853 803 1008 854 Aliquo
1045 808 1236 855 tempore
1274 808 1373 854 post
1417 802 1682 843 Alhozainus

211 873 334 913 dixit:
365 874 482 913 Num
513 875 624 926 scis,
665 873 761 927 quid
791 876 901 918 2:212„
932 881 972 914 et
1003 878 1106 928 ,μω
1137 875 1190 913 sit
1203 871 1264 925 2¹)
1296 875 1416 913 Alter
1446 874 1684 927 respondit:

211 956 340 995 Nunc
371 962 438 995 est
467 960 636 1006 tempus
668 956 818 995 edendi
851 963 892 996 et
922 957 1100 996 bibendi.
1158 957 1425 997 Alhozainus
1457 964 1596 997 autem
1622 958 1685 996 si-

211 1027 321 1078 lens,
352 1026 488 1066 donec
517 1027 628 1066 illum
660 1027 831 1068 oblitum
863 1041 974 1082 esse,
1007 1026 1104 1081 quid
1132 1028 1224 1068 istis
1248 1029 1388 1068 verbis
1411 1029 1683 1081 significare-

209 1103 294 1151 tur,
324 1104 506 1151 putaret,
538 1098 829 1153 interrogavit,
862 1112 962 1139 num
994 1113 1048 1138 ex
1076 1099 1228 1139 avibus
1269 1099 1500 1139 hariolandi
1537 1100 1684 1139 scien-

210 1169 295 1208 tiae
324 1181 482 1222 guarus
514 1175 648 1223 esset,
679 1175 738 1222 et,
771 1183 898 1223 quum
930 1171 1035 1210 alter
1064 1170 1241 1224 (liceret,
1274 1170 1370 1219 quid
1393 1177 1456 1210 est
1471 1167 1494 1209 22
1531 1171 1681 1209 iterum

210 1241 505 1293 interrogavit,
538 1241 635 1293 quid
664 1241 731 1280 illa
761 1242 899 1293 aquila
931 1243 1143 1294 ossifraga
1170 1238 1468 1294 significaret?
1499 1241 1683 1293 Djohai-

211 1312 299 1350 nita
328 1316 468 1350 autem
504 1311 620 1364 dixit.
653 1313 723 1350 ubi
753 1326 845 1352 eam
876 1312 1031 1354 vides?
1063 1313 1182 1352 Alter
1215 1313 1330 1353 dixit:
1362 1314 1486 1352 Haec
1518 1320 1605 1367 est,
1637 1320 1679 1353 et

212 1393 262 1420 se
293 1382 479 1422 extendit
505 1389 547 1422 et
579 1384 618 1422 in
648 1385 812 1423 coelum
845 1391 974 1436 caput
1004 1385 1151 1424 erexit.
1209 1386 1347 1424 Huius
1380 1386 1577 1425 momenti
1604 1398 1684 1425 oc-

214 1455 427 1493 casionem
460 1461 635 1506 captans
660 1455 905 1507 Djohainita
937 1457 1028 1496 eius
1071 1456 1260 1508 iugulum
1295 1456 1437 1509 gladio
1471 1458 1689 1509 percussit.

213 1525 379 1565 dicens:
408 1527 504 1579 Ego
535 1538 629 1566 sum
661 1527 847 1567 hariolus
879 1534 922 1567 et
951 1528 1160 1580 iugulans.
1187 1529 1292 1567 Tum
1323 1529 1461 1568 omnia
1491 1529 1687 1569 utensilia

212 1609 359 1636 secum
400 1598 600 1637 auferens
650 1598 704 1638 ad
743 1607 915 1652 gentem
956 1612 1077 1638 suam
1113 1600 1190 1638 iter
1232 1598 1394 1638 direxit.
1456 1600 1686 1639 Transiens

216 1675 359 1708 autem
390 1669 444 1709 ad
475 1670 579 1709 duas
611 1672 760 1724 tribus,
793 1671 844 1711 ad
867 1672 972 1711 Kais
1003 1673 1276 1724 pertinenteS,
1298 1670 1461 1723 Meradj
1498 1672 1562 1722 (iu
1591 1685 1684 1711 meo

211 1741 358 1781 codice
389 1749 476 1814 Cis
512 1743 665 1782 Merah
685 1743 776 1793 est)
819 1750 861 1784 et
890 1745 1050 1783 Anmar
1076 1745 1309 1796 appellatas
1341 1745 1539 1784 feminam
1579 1745 1684 1784 vidit

211 1824 493 1863 Alhozainum
561 1825 852 1864 ben-Sobaih
900 1832 1313 1865 commemorantem.
1387 1827 1684 1879 Interroganti.

213 1909 420 1948 quaenam
442 1894 595 1936 esset?
626 1897 861 1951 respondit,
894 1910 943 1937 se
958 1897 1363 1937 ZahrahAlhozaini
1388 1911 1561 1937 uxorem
1577 1910 1687 1937 esse.

211 1967 500 2019 Aldjohainita
564 1981 612 2007 se
686 1983 780 2008 eum
846 1969 1085 2022 occidisse,
1181 1969 1296 2008 dixit.
1380 1969 1453 2007 Illa
1529 1976 1684 2010 autem.

151 2090 153 2093 ι
212 2039 413 2078 mentitus
447 2052 510 2093 es,
541 2039 660 2091 dixit,
692 2053 787 2079 nam
828 2041 885 2079 tui
926 2041 1074 2080 similis
1117 2041 1270 2092 talem,
1311 2042 1446 2093 qualis
1486 2042 1553 2080 ille
1604 2046 1687 2091 est.

214 2109 411 2149 occidere
442 2124 522 2149 non
553 2117 717 2164 potest,
775 2111 852 2151 sed
882 2112 961 2151 nisi
991 2125 1102 2166 gens
1136 2113 1293 2151 absens
1325 2119 1470 2166 esset.
1532 2118 1576 2151 tu
1607 2115 1689 2153 hoc

214 2181 356 2221 dicere
395 2196 476 2221 non
516 2195 643 2223 ausus
683 2196 818 2223 esses.
879 2185 987 2224 Tum
1037 2183 1090 2223 ad
1139 2191 1311 2236 gentem
1353 2196 1475 2223 suam
1519 2184 1686 2223 rediens

217 2251 350 2294 hosce
381 2254 484 2293 dixit
514 2267 693 2294 versus:

338 2357 349 2373 ²
422 2363 475 2378 ,ες
514 2362 551 2377 >³
596 2362 642 2378 ορ
729 2364 791 2378 0‚c·
921 2358 939 2378 Ξ
1061 2363 1097 2379 2,
1164 2366 1212 2378 μ,
1291 2369 1362 2379 .»ι,
1415 2365 1429 2378 ο
1500 2370 1567 2378 ι.-

339 2381 463 2453 ·.,,-ι”
503 2379 647 2450 ω
681 2383 821 2452 oea-»52
856 2386 933 2453 se
971 2390 1104 2454 twa-⁴⁹
1139 2392 1216 2457 ÷›⁷
1254 2396 1370 2454 ...0
1404 2405 1461 2452 U:
1497 2388 1576 2443 rs>

242 2663 272 2705 ι)
298 2664 387 2704 Quid
413 2667 500 2698 haec
531 2669 640 2699 verba
667 2670 731 2701 linc
757 2670 787 2701 in
815 2671 895 2702 loco
921 2671 1134 2711 significem,
1162 2682 1230 2706 non
1261 2674 1375 2706 video.
