1771 3072
796 83 991 123 —784
1052 103 1106 110 —

210 217 363 268 Neque
400 213 502 254 odor
547 212 686 252 carnis
723 221 861 262 neque
901 207 1052 248 sordes
1090 205 1225 257 adipis
1261 205 1302 243 in
1347 214 1496 243 crassa
1536 215 1679 242 earum

213 288 350 327 latera
401 285 568 324 intrant.
628 280 836 324 Sordidae
887 293 966 331 ope
1005 290 1142 330 aquae
1182 276 1389 329 poliuntur
1434 281 1476 314 et
1512 275 1683 314 lavatae

212 360 493 407 renovantur,
538 360 581 393 et
616 353 791 405 pulchro
822 350 946 391 modo
977 350 1031 390 ad
1060 349 1280 402 pristinum
1309 352 1465 387 statum
1495 345 1684 385 redeunt.

216 429 370 479 Aquae
400 426 583 466 omnium
615 437 754 464 rerum
784 423 992 463 simillima
1023 427 1091 461 est
1102 451 1115 475 >
1146 419 1367 460 artificium
1405 425 1472 458 est
1501 417 1687 457 admira-

216 499 298 538 bile
327 504 369 537 et
398 510 487 550 ars,
522 510 607 550 qua
638 495 875 544 conficitur,
928 493 1207 533 admirabilior
1239 499 1318 530 est.
1350 491 1523 531 Salomo
1557 501 1686 541 quum

215 569 311 608 vasi
341 567 395 608 ad
423 568 650 607 bibendum
682 555 1035 618 os'admoveret,
1068 565 1298 604 daemones
1328 563 1506 602 rebelles
1536 560 1688 600 diabo-

215 641 328 693 lique
363 646 536 680 austero
577 640 699 679 vultu
737 652 832 679 eum
863 637 1165 689 adspexerant.
1202 637 1320 675 Deus
1350 640 1436 674 tum
1468 646 1563 673 eum
1594 645 1689 672 am-

216 712 358 764 pullas
390 711 536 750 facere
566 710 737 762 docuit,
779 722 953 762 quarum
995 721 1074 761 ope
1113 708 1237 746 istam
1277 706 1498 746 audaciam
1537 710 1580 744 et
1609 698 1716 756 op·-v

218 783 427 835 probrium
459 794 484 821 a
513 794 561 821 se
592 782 802 821 retineret.
862 780 942 831 Qui
973 785 1116 819 autem
1147 783 1200 817 ad
1242 777 1468 817 bibendum
1498 777 1607 816 vitro
1640 787 1689 815 os

220 854 422 907 admovit,
456 856 493 894 is
523 854 619 894 vasi
649 867 704 894 ex
733 866 843 906 aqua
851 882 864 907 7
897 865 1013 901 aura,
1043 853 1266 903 splendore
1297 862 1345 890 os
1375 850 1607 889 admovere
1624 848 1692 887 vi-

221 926 358 966 detur.
401 927 589 979 Specula
619 932 758 966 autem
789 939 844 965 ex
876 926 986 964 vitro
1016 923 1213 963 confecta
1242 923 1283 961 in
1323 923 1483 974 pariete
1514 921 1692 961 clariora

225 1003 346 1049 sunt,
395 1009 519 1049 quam
549 997 725 1049 specula
755 1009 810 1036 ex
841 989 1029 1048 chalybe
1052 999 1201 1046 parata
1232 999 1273 1032 et
1303 993 1481 1045 figurae,
1514 1004 1620 1044 quae
1650 991 1691 1030 iu

221 1067 274 1107 iis
305 1067 524 1123 adparent,
554 1068 853 1108 distinctiores.
911 1066 1005 1118 Ope
1042 1065 1248 1118 ampullae
1278 1065 1437 1104 vitreae
1469 1076 1580 1117 aqua
1609 1065 1691 1103 im-

221 1140 363 1191 pletae
391 1139 504 1192 ignis
534 1139 709 1179 elicitur.
740 1139 850 1177 Tum
882 1138 924 1177 in
953 1151 1004 1177 eo
1034 1137 1168 1189 ipsum
1196 1136 1331 1175 solem
1363 1135 1559 1175 aemulati
1581 1140 1694 1183 sunt,

222 1211 418 1263 quoniam
457 1216 608 1250 natura
636 1210 755 1262 vitri,
787 1222 950 1264 aquae,
988 1222 1115 1249 aurae
1153 1214 1196 1247 et
1235 1208 1337 1247 solis
1378 1206 1568 1247 eiusdem
1599 1207 1691 1246 ele-

222 1283 352 1322 menti
391 1289 471 1323 est.
529 1282 657 1323 Nulla
698 1288 838 1322 autem
867 1293 936 1320 res
967 1281 1044 1320 sub
1075 1280 1195 1320 coelo
1233 1280 1447 1333 pigmenta
1476 1280 1622 1318 melius
1653 1279 1693 1318 in

223 1366 272 1393 se
309 1353 465 1405 excipit
503 1358 546 1392 et
588 1357 841 1400 conservat,
877 1353 937 1390 ita
969 1357 1013 1390 ut
1043 1362 1138 1390 cum
1164 1351 1402 1390 substantia
1432 1350 1523 1389 eius
1553 1349 1696 1388 intime

225 1425 542 1476 coniungantur.
574 1424 709 1463 Lucis
738 1428 880 1463 autem
910 1421 1177 1474 splendorem
1206 1421 1246 1460 in
1262 1422 1439 1461 alterum
1455 1421 1567 1461 aeris
1588 1421 1697 1460 latus

225 1495 518 1534 transmittens
559 1494 745 1534 colorem
774 1506 899 1533 suum
926 1493 968 1532 in
997 1491 1099 1531 illud
1129 1492 1339 1532 transfert.
1372 1492 1494 1543 Quod
1525 1493 1562 1531 si
1591 1505 1696 1531 vero

225 1571 380 1605 terram
427 1565 654 1605 habitaculi
712 1578 787 1616 per
829 1564 1030 1616 poculum
1077 1564 1243 1603 colores
1283 1563 1449 1604 habens
1502 1570 1697 1603 contem-

225 1636 371 1690 plaris,
389 1648 441 1675 ea
466 1636 676 1688 pulchrior
701 1648 826 1689 quam
856 1636 1020 1687 pictura
1034 1634 1250 1684 Zanaae')
1266 1640 1308 1673 et
1330 1635 1515 1673 sericum
1528 1635 1694 1674 Testari

225 1707 408 1750 videtur.
428 1707 636 1747 Homines
667 1713 809 1746 autem
839 1706 892 1746 ad
922 1707 1063 1746 vinum
1087 1706 1312 1745 bibendum
1329 1707 1466 1758 aptius
1482 1718 1561 1745 vas
1573 1719 1698 1759 quam

226 1779 406 1819 vitreum
460 1779 539 1818 sibi
591 1792 673 1818 non
721 1784 932 1831 pararunt.
1014 1778 1131 1817 Dixit
1161 1779 1281 1817 Deus
1311 1778 1540 1818 altissimus
1579 1779 1698 1824 [Sur.

225 1850 416 1902 XXVII,
445 1850 571 1901 44)z«
602 1849 771 1889 Dictum
803 1850 842 1889 ei
872 1854 959 1890 est:
990 1850 1120 1901 Intra,
1153 1862 1177 1888 ο
1207 1848 1379 1901 femina,
1410 1849 1449 1887 in
1479 1843 1698 1901 palatium!

227 1920 350 1972 Quod
381 1933 507 1974 quum
537 1920 735 1975 vidisset,
767 1920 807 1959 id
840 1932 1037 1973 maguam
1067 1932 1205 1973 aquae
1233 1921 1385 1960 molem
1410 1932 1508 1959 esse
1538 1926 1697 1972 putans

232 2004 357 2032 crura
388 2004 465 2032 sua
503 1991 749 2031 denudavit.
808 1992 881 2031 Ille
917 1996 1061 2030 autem
1101 1990 1221 2030 dixit:
1254 1992 1463 2030 Palatium
1494 1997 1560 2031 est
1591 1992 1701 2031 levi-

229 2069 377 2116 gatum
408 2077 463 2104 ex
491 2064 714 2116 ampulliscc
774 2063 892 2103 Dixit
928 2075 1051 2115 porro
1088 2062 1205 2110 (Sur.
1249 2063 1444 2116 LXXV,
1489 2064 1579 2111 10):
1621 2066 1702 2104 „Et

230 2135 434 2187 canthari,
449 2136 517 2187 qui
530 2136 737 2188 ampullae
749 2141 860 2184 sunt,
874 2135 1086 2187 ampullae
1098 2140 1368 2187 argenteae«.
1382 2136 1552 2175 Nomen
1561 2142 1701 2175 autom

230 2212 407 2258 argento
437 2206 549 2246 dedit
578 2206 674 2246 inde
705 2206 955 2246 derivatum.
985 2206 1198 2258 Propheta
1229 2213 1367 2246 autem
1396 2209 1591 2260 agasoui,
1624 2220 1702 2247 ca-

230 2278 363 2315 melos
411 2289 568 2317 uxores
613 2283 831 2330 portantes
882 2277 1159 2317 vehementer
1198 2278 1425 2329 impellenti
1471 2278 1595 2318 dixit:
1665 2280 1701 2318 0

233 2343 417 2387 Onaisc!
451 2360 547 2388 cum
575 2349 768 2401 ampullis
808 2349 957 2388 leniter
994 2344 1126 2399 agas!
1186 2350 1353 2388 Nomen
1385 2350 1512 2402 igitur
1549 2351 1701 2389 mulie-

233 2418 346 2458 ribus
388 2417 482 2457 inde
520 2417 754 2459 derivatum
795 2418 922 2459 dedit.
983 2419 1137 2459 Dicere
1177 2420 1338 2460 solent:
1401 2419 1607 2471 ·›Quidam
1649 2421 1702 2459 nil

262 2649 296 2682 1)
321 2647 459 2678 Nomen
485 2647 579 2679 urbis
605 2649 757 2682 Arabiae
783 2650 896 2682 felicis
922 2650 1044 2689 [munis
1071 2649 1204 2683 sii-iacis
1228 2653 1338 2683 notae
1365 2656 1428 2682 cst.

264 2707 305 2743 2)
331 2708 469 2739 Nomen
497 2707 613 2747 oppidi
639 2712 703 2739 est.
