1771 3072
764 93 958 133 —752
1017 112 1072 120 —-

225 219 317 258 eius
351 223 419 258 est
444 221 669 270 percutere
707 213 849 269 gladio
879 213 1063 266 antiquo.
1124 210 1249 263 Quod
1278 211 1315 251 si
1344 211 1418 250 tibi
1451 210 1523 251 dat
1551 211 1631 262 vir,

225 296 418 342 ornatur,
457 290 495 329 si
523 303 620 338 non,
654 287 864 328 interdum
902 297 1059 339 parcus
1102 291 1168 325 est
1195 284 1237 323 in
1266 295 1418 336 pauco,
1449 288 1637 335 parato«.

281 382 454 425 Sahdus
481 389 638 436 autem,
659 382 728 435 qui
758 394 812 422 ex
842 380 993 421 avibus
1013 379 1154 420 futura
1177 377 1486 431 cognoscebat,
1517 375 1638 416 dixit:

169 457 295 508 Iuro,
336 455 552 495 mulierem
591 456 697 493 inter
744 452 933 493 camelos
972 450 1118 491 morbo
1154 468 1265 514 05¹²
1312 448 1553 488 laborantes
1598 452 1641 486 et

169 537 355 577 camelas
394 549 540 589 parum
578 536 702 576 lactis
738 535 944 575 habentes
974 533 1189 586 captivum
1219 538 1262 571 te
1292 531 1498 571 facturam
1530 542 1639 570 esse.

169 608 225 646 Et
262 619 371 646 aves
408 607 508 647 mihi
550 607 816 658 nuntiarunt,
860 606 985 646 alium
1029 617 1153 657 quam
1193 616 1261 643 me
1300 608 1342 642 te
1368 602 1641 642 liberaturum

168 690 251 718 non
281 690 395 718 esse.
455 679 564 718 Tum
606 677 856 730 Djondabus
884 676 1012 717 dixit:
1043 675 1235 725 Minime,
1259 687 1353 714 nam
1384 679 1430 713 tu
1460 672 1641 725 pavidus

170 760 244 801 es,
306 749 525 789 hastarum
576 748 892 789 confossionem
942 746 1059 799 fugis
1099 751 1140 785 et
1178 745 1353 784 anciilas
1395 756 1526 784 amas.
1581 744 1643 784 Se

169 825 433 870 separarunt.
494 821 705 871 Tempore
758 818 1024 872 praeterlapo
1083 815 1333 868 Djoudabus
1396 827 1503 867 equo
1558 827 1642 854 ve-

168 891 276 930 hens
305 895 506 930 venatum
545 891 658 931 exiit.
715 889 912 930 Incidens
944 893 1088 929 autem
1117 888 1159 927 in
1188 900 1359 927 servam
1390 886 1641 926 'l'amimita-

169 974 288 1015 rum,
329 974 456 1014 quam
498 974 522 1001 e
561 967 692 1016 gente
729 961 936 1014 Djorham
976 966 1110 1005 ortam
1155 972 1255 999 esse
1293 957 1477 1012 tradunt,
1521 958 1642 998 dixit:

169 1035 258 1074 Aut
311 1040 357 1073 te
411 1032 510 1072 mihi
564 1032 710 1073 tradas
762 1034 875 1073 laeta
930 1037 1004 1071 aut
1055 1031 1224 1083 patiaris
1275 1025 1460 1070 coacta!
1541 1029 1642 1078 Illa:

171 1104 309 1143 Lente
358 1100 491 1156 agas!
529 1103 608 1144 Vir
645 1108 816 1156 propter
857 1102 1081 1143 stultitiam
1121 1114 1244 1142 suam
1294 1101 1408 1141 bibet
1444 1114 1497 1140 ex
1527 1106 1643 1143 utre,

171 1188 297 1228 quem
360 1188 442 1215 non
503 1176 664 1229 ligavit.
721 1176 798 1215 Ille
846 1188 940 1215 eam
999 1174 1238 1226 despiciens
1286 1174 1338 1213 ab
1395 1185 1504 1226 equo
1563 1184 1643 1212 suo

171 1244 404 1286 descendit.
464 1246 603 1296 Quum
633 1251 778 1286 autem
807 1245 1191 1299 appropinquasset
1218 1256 1270 1284 ea
1298 1256 1382 1283 una
1411 1256 1489 1283 sua
1518 1256 1643 1283 manu

171 1318 261 1357 eius
298 1329 449 1357 manus
478 1317 702 1371 arripiens,
734 1329 809 1358 eas
841 1318 1117 1369 comprimere
1145 1330 1227 1356 non
1271 1315 1475 1368 cessavit,
1508 1314 1645 1354 donec

170 1401 246 1430 eas
289 1401 464 1429 movere
501 1402 586 1430 non
622 1395 784 1441 posset.
843 1390 951 1429 Tum
990 1388 1157 1428 habene„
1195 1388 1291 1441 equi
1319 1387 1513 1427 manibus
1547 1392 1646 1438 post

170 1467 338 1513 tergum
369 1460 513 1514 ligatis
541 1470 729 1513 vespera
749 1471 843 1500 cum
862 1460 1089 1512 pecoribus
1120 1457 1290 1499 domum
1311 1456 1518 1497 recedens
1549 1470 1646 1497 eum

171 1543 330 1571 canens
365 1531 547 1584 propulit
587 1536 630 1571 et
669 1530 795 1572 dixitt
834 1532 906 1571 Ne
945 1531 1125 1583 posthac
1155 1542 1179 1570 a
1210 1530 1349 1569 servis
1376 1541 1574 1570 securum
1603 1535 1645 1568 te

171 1615 272 1642 esse
297 1607 438 1655 putes,
470 1608 515 1641 tu
545 1598 653 1641 enim
683 1613 886 1642 occurres
917 1608 1108 1653 strenuo,
1143 1601 1267 1641 simul
1299 1601 1352 1640 ad
1382 1613 1535 1653 aquam
1565 1612 1643 1640 ac-

171 1672 366 1725 cedenti,
409 1678 451 1712 et
481 1673 693 1726 serpenti,
726 1673 797 1725 qui
824 1673 926 1712 vivo
965 1672 1194 1712 insidiatur.
1253 1672 1371 1711 Dixit
1401 1673 1645 1719 (narrator):

172 1743 401 1784 Transiens
429 1750 569 1784 autem
612 1743 666 1783 ad
714 1743 930 1795 Sahdum,
984 1744 1055 1795 qui
1099 1744 1284 1782 camelos
1328 1754 1432 1781 suos
1477 1741 1644 1781 domum

172 1814 371 1864 ducebat,
404 1813 528 1853 dixit:
562 1812 597 1853 Ο
630 1809 932 1866 Sahdelopem
962 1813 1062 1852 mihi
1089 1808 1174 1852 fer!
1198 1811 1373 1853 Sahdus
1404 1817 1545 1851 autem
1574 1824 1647 1851 re-

171 1884 361 1937 spondit:
398 1883 589 1925 Pavidus
630 1897 754 1937 opem
784 1898 867 1925 non
896 1884 989 1925 fert.
1047 1883 1299 1937 Djondabus
1330 1889 1420 1923 tuni
1451 1883 1576 1922 dixit:
1609 1882 1645 1923 Ο

171 1959 235 1996 vir
275 1968 513 2010 generose,
563 1956 900 1997 remuneratione
941 1952 1113 2009 dignus!
1156 1956 1292 2008 Opem
1329 1956 1392 1995 fer
1426 1954 1543 1995 fratri
1572 1960 1646 1994 tuo

170 2029 264 2067 sive
292 2029 468 2068 iniustus
488 2028 581 2068 sive
602 2027 751 2067 iniuria
768 2027 965 2067 adfectus
991 2032 1066 2066 est.
1100 2026 1210 2065 'rum
1228 2024 1441 2064 accedens
1473 2023 1646 2066 Sahdus

171 2113 266 2139 eum
313 2099 507 2139 liberavit
557 2105 600 2139 et
653 2099 775 2140 dixit:
805 2099 902 2138 Nisi
932 2097 1144 2151 dicerent,
1177 2110 1245 2136 me
1275 2096 1493 2136 mulierem
1526 2095 1646 2134 occi-

171 2171 312 2226 disse,
371 2177 414 2211 te
463 2170 716 2212 occiderem.
775 2171 883 2210 Tum
932 2170 1000 2210 illa
1049 2169 1163 2208 dixit.
1231 2168 1433 2219 Minime,
1488 2166 1647 2206 factum

174 2243 283 2281 enim
314 2255 395 2281 non
426 2248 515 2295 est,
547 2248 594 2282 ut
615 2242 711 2281 avis
741 2247 814 2282 tua
845 2241 1090 2280 mentiretur
1121 2246 1164 2279 et
1192 2239 1300 2280 alius
1331 2251 1454 2291 quam
1484 2243 1528 2277 tu
1563 2250 1646 2277 ve-

177 2325 254 2352 rax
285 2318 414 2352 esset.
475 2314 550 2351 Ille
591 2317 733 2352 autem
774 2311 899 2351 dixit:
936 2309 1096 2351 Verum
1136 2309 1318 2349 dixistia:

283 2384 429 2423 Verba
459 2390 600 2423 autem
631 2383 787 2436 duplici
827 2383 952 2423 modo
984 2382 1262 2436 grammatice
1292 2380 1505 2431 explicare
1533 2379 1646 2429 licet,

171 2461 244 2494 ant
283 2461 328 2494 ut
379 2454 460 2494 duo
504 2460 642 2494 status
686 2455 922 2495 accusativi
971 2455 1085 2506 sint,
1127 2454 1197 2506 qui
1238 2452 1291 2492 ad
1331 2463 1482 2491 vocem
1524 2450 1646 2493 2555

173 2537 351 2587 pertinet
390 2542 463 2576 aut
505 2537 572 2588 qui
611 2550 634 2575 e
664 2538 907 2588 pronomine
960 2536 1049 2587 (tn)
1097 2537 1135 2575 in
1176 2535 1426 2588 imperativo
1479 2533 1647 2573 occulto

176 2607 336 2657 pendet.
407 2606 526 2646 Istud
582 2613 720 2647 autem
769 2608 1042 2648 fraternitatis
1111 2606 1294 2646 officium
1341 2605 1481 2646 fratris
1539 2605 1646 2644 omni

173 2678 295 2716 modo
338 2677 563 2718 adiuvandi
592 2684 715 2729 poeta
747 2679 943 2717 versibus
976 2680 1186 2730 expressit
1216 2677 1508 2729 sequentibus:
