1813 3039
737 145 990 173 -v—

137 255 514 310 occupationibus,
553 256 705 308 quibus
741 256 809 296 ille
847 257 912 296 vir
947 268 1115 310 semper
1153 257 1276 297 novis
1313 257 1593 310 irretiebatur,

136 344 377 398 quaerenda
423 351 501 385 est.
569 346 678 385 Eum
725 346 864 398 operis
914 346 1063 385 edendi
1110 345 1332 386 consilium
1377 360 1596 400 nunquam

137 435 346 474 abiecisse
384 434 500 488 scio,
542 435 761 487 quominus
803 447 910 487 opus
940 435 1189 487 perficeret,
1240 448 1349 488 quae
1388 449 1471 475 non
1509 449 1601 476 ex*

137 524 348 575 spectanti
384 530 649 575 praematura
696 524 834 564 subito
883 525 1155 577 supervenit,
1201 537 1313 564 mors
1361 525 1596 578 impedivit-

136 608 281 652 Eheu!
339 618 381 652 ct
425 613 549 653 talem
594 613 733 652 virum
791 614 895 652 flore
951 614 1104 653 aetatis
1154 613 1409 653 inexorabile
1457 614 1595 654 fatum

134 701 312 754 patriae,
342 700 504 754 litteris,
535 701 735 755 familiae,
766 701 913 741 amicis
943 697 1116 753 eripuit!
1153 701 1307 741 Patriae
1337 714 1424 741 suae
1454 701 1593 742 decus

136 795 178 829 et
209 795 498 829 ornamentum
528 790 722 842 antiquae
763 790 816 829 de
854 791 1003 830 litteris
1034 790 1318 831 Orientalibus
1358 790 1467 830 bene
1495 804 1595 831 me-

135 878 241 917 ritae
269 878 430 931 gloriae
458 891 613 918 novam
643 879 732 917 suis
767 879 960 931 operibus
989 878 1159 918 addidit.
1219 879 1356 930 Quam
1385 879 1597 920 iacturam.

137 979 192 1006 ex
232 967 324 1006 eius
360 972 494 1006 morte
542 966 707 1005 litterae
755 966 954 1021 fecerint,
1006 979 1090 1006 non
1136 972 1221 1006 tam
1268 980 1323 1006 ex
1372 967 1588 1019 operibus,

137 1055 331 1108 quamvis
360 1067 515 1108 magna
543 1060 640 1093 sunt
669 1060 710 1093 et
739 1055 977 1105 utilissima,
1016 1067 1141 1106 quam
1169 1068 1223 1094 ex
1253 1054 1343 1094 eius
1373 1053 1596 1095 doctrinae

137 1143 280 1195 copia,
320 1142 661 1194 splendidissimo
689 1142 879 1195 ingenio,
922 1142 1092 1181 assiduo
1129 1142 1270 1181 labore
1301 1148 1343 1182 et
1371 1142 1594 1182 ardentis-

135 1231 242 1269 simo
282 1235 324 1269 et
359 1230 505 1269 litteris
546 1229 766 1269 utilitatem
806 1236 848 1269 et
897 1230 1057 1282 patriae
1103 1231 1279 1284 gloriam
1318 1230 1591 1283 comparandi

134 1317 280 1358 amicis
317 1319 469 1358 intimis
510 1319 680 1371 cognito
719 1317 926 1358 desiderio
966 1318 1151 1359 iudicare
1191 1319 1301 1359 licet.
1359 1320 1426 1359 De
1455 1326 1592 1360 morte

133 1407 212 1446 viri
250 1420 413 1447 mecum
454 1408 666 1447 amicitiae
705 1408 874 1447 vinculo
914 1409 1150 1448 arctissimo
1190 1408 1399 1448 coniuncti
1438 1408 1592 1447 litteris

134 1496 285 1535 certior
314 1495 455 1536 factus
488 1497 714 1536 maximum
746 1509 850 1536 sane
880 1495 1069 1537 dolorem
1098 1497 1402 1552 percipiebam,
1433 1497 1595 1550 optimo

134 1585 243 1624 enim
273 1591 316 1624 ct
344 1585 562 1624 carissimo
591 1585 785 1637 privatus
817 1598 931 1625 eram
968 1586 1132 1638 amico,
1170 1586 1438 1638 maximeque
1468 1585 1593 1624 dole-

133 1673 256 1727 bam,
287 1685 411 1726 quum
440 1673 655 1727 viderem,
689 1679 774 1713 tam
806 1674 937 1713 multa
966 1673 1197 1726 litterisque
1228 1674 1451 1714 utilissima
1479 1673 1592 1713 illius

133 1763 213 1801 viri
251 1775 380 1815 opera
415 1762 592 1814 abrupta
629 1774 740 1802 esse.
813 1762 1152 1814 Manuscriptum
1188 1761 1388 1802 Meidanii
1430 1774 1591 1814 meum,

134 1850 246 1903 quod
274 1851 372 1890 mihi
398 1851 701 1905 remittebatur,
732 1851 773 1890 in
801 1851 991 1904 margine
1021 1857 1064 1890 et
1090 1851 1397 1903 Lugdunensis
1428 1856 1470 1890 et
1498 1851 1590 1889 Be-

133 1936 431 1991 rolinensis1),
479 1950 559 1978 nec
611 1952 691 1978 non
732 1939 869 1990 operis
916 1939 1196 1991 Pocockiani,
1242 1939 1353 1991 quod
1387 1939 1589 1978 Albertus

135 2026 432 2066 Schultensius
460 2039 586 2065 manu
616 2039 694 2066 sua
724 2025 1023 2079 descripserat,
1058 2027 1188 2065 variis
1219 2027 1468 2067 lectionibus
1499 2034 1587 2067 tum

133 2114 363 2153 Hamakeri
410 2119 498 2153 tum
548 2114 756 2167 Weyersi
814 2126 938 2154 manu
989 2113 1216 2167 adscriptis
1267 2123 1458 2155 ornatum
1507 2120 1588 2154 est.

136 2201 261 2252 Quod
300 2215 425 2254 quum
462 2201 671 2255 viderem,
725 2202 823 2241 illud
866 2215 890 2241 a
936 2215 1004 2242 me
1042 2215 1300 2255 repressum,
1353 2210 1398 2243 ut
1448 2205 1586 2243 amico

133 2290 366 2342 placerem,
416 2289 617 2329 Meidanii
668 2289 820 2329 edendi
872 2289 1151 2343 desiderium,
1203 2297 1397 2332 renatum
1436 2297 1502 2331 est
1542 2296 1586 2330 et

133 2377 263 2428 ipsius
299 2378 529 2418 Hamakeri
567 2378 736 2431 umbra,
777 2384 817 2418 ut
857 2378 1009 2418 mortui
1047 2379 1170 2418 amici
1203 2380 1324 2420 vices
1355 2381 1582 2433 explerem,

157 2558 196 2594 1)
221 2556 341 2589 Codex
371 2558 626 2597 BerolinensiS,
667 2559 764 2590 cuius
803 2568 868 2591 nec
905 2569 977 2591 non
1009 2561 1158 2593 aliorum
1190 2563 1267 2594 mihi
1298 2563 1583 2594 necessariorum

219 2619 378 2651 codicum
403 2623 437 2650 et
460 2620 626 2651 librorum
652 2630 736 2652 usus
760 2630 782 2652 a
809 2622 885 2653 viro
910 2623 1165 2663 illustrissimo,
1191 2624 1421 2656 bibliothecae
1445 2622 1582 2654 Beroli-

219 2679 337 2711 nensis
367 2688 502 2711 summo
534 2681 714 2718 praefecto
739 2681 943 2723 W'ilkenio,
980 2692 1116 2714 summa
1148 2692 1226 2715 cum
1258 2685 1474 2724 benignitate
1503 2683 1581 2713 mihi

218 2746 409 2770 concessus
440 2741 516 2779 est,
547 2747 569 2770 a
599 2739 700 2771 Mich.
732 2741 920 2781 Sabbagho
950 2743 1069 2773 Arabe
1103 2751 1125 2773 a
1154 2744 1275 2775 codice
1303 2743 1492 2775 Parisiensi
1517 2744 1580 2774 de-

222 2802 370 2840 scriptus
400 2806 465 2833 est.
511 2803 551 2833 In
574 2803 696 2835 codice
720 2805 835 2836 Berol.
862 2807 911 2847 B.,
935 2806 1137 2839 recentiora
1161 2808 1352 2846 proverbia
1373 2812 1466 2840 sunt.
