1771 3072
786 131 839 137 ———
896 108 1088 148 592—

187 221 252 270 ‘si
305 230 493 282 dimittis,
537 236 712 269 catenas
763 241 863 270 esse
911 238 1060 284 putas,
1105 243 1214 284 quos
1263 233 1299 271 si
1336 233 1493 288 pectis,
1543 233 1671 274 dicis:

213 303 370 342 racemi
399 307 507 355 sunt,
551 313 658 355 quos
691 301 822 341 imber
841 303 1013 353 retexit3
1046 303 1126 342 duo
1148 303 1371 355 supercilia
1383 309 1671 357 tanquamca-

214 373 323 412 lamo
355 374 466 424 picta
497 379 570 412 aut
600 374 780 413 carbone
810 374 1083 427 superducta,
1113 375 1248 429 nigra,
1281 387 1389 426 quae
1419 376 1531 415 sicut
1567 387 1674 415 ocu-

216 446 278 484 lus
311 444 503 484 dorcadis
532 445 733 497 pulchrae
764 457 893 485 curva
924 452 1032 485 sunt.
1089 447 1202 485 Inter
1231 459 1281 486 ea
1312 454 1380 486 est
1409 459 1539 487 nasus
1579 447 1674 499 (te-

216 515 336 567 nuis)
367 521 412 554 ut
441 517 585 568 cuspis
616 515 742 568 gladii
772 516 1021 569 Zabiihtici,
1053 529 1176 568 quem
1208 516 1315 555 duae
1346 518 1519 570 cingunt
1537 530 1675 571 genae

212 600 449 640 purpureae
478 587 599 627 simul
616 588 738 627 albae
767 589 876 627 sicut
903 589 1221 642 margaritarum
1253 588 1404 628 albedo
1436 595 1513 628 est.
1544 589 1606 628 Ibi
1626 602 1674 630 os

216 658 422 697 diffissum
455 664 523 698 est
552 659 727 711 annulo,
760 671 842 711 quo
873 659 1056 711 sigillum
1092 659 1352 713 imprimitur,
1377 660 1527 711 simile,
1554 659 1676 700 dulce

216 730 370 782 ridens,
402 730 615 791 impletum
647 730 837 769 dentibus
867 730 1184 782 splendentibus
1217 731 1480 781 acuminatis,
1521 732 1561 770 in
1593 743 1674 783 quo

216 814 266 841 se
299 788 442 841 movet
471 802 615 854 lingua
643 802 826 841 facunda
856 808 898 841 et
929 802 1109 851 diserta,
1141 814 1234 841 cum
1266 815 1429 842 summa
1458 803 1678 855 prudentia

216 875 389 926 loquens
409 879 451 913 et
471 874 612 912 statim
635 873 908 925 respondens.
940 874 1032 912 Duo
1047 878 1187 912 autem
1202 874 1311 913 labia
1326 875 1451 913 rubra
1468 874 1547 913 sibi
1566 875 1678 914 invi-

218 957 309 984 cem
339 950 581 996 occurrunt,
613 957 719 996 quae
749 951 918 996 sputum
951 944 1073 983 dulce
1114 945 1306 998 eliciunt,
1339 951 1384 984 ut
1412 945 1539 985 favus
1570 947 1679 985 mel-

217 1017 282 1068 lis,
315 1015 481 1068 quando
513 1016 772 1068 exprimitur,
804 1016 843 1054 in
875 1016 983 1055 collo
1016 1008 1108 1055 albo
1139 1016 1249 1055 sicut
1279 1022 1524 1071 argentum,
1567 1017 1678 1057 elato

217 1089 258 1126 in
287 1094 471 1140 pectore,
503 1087 613 1140 quod
645 1087 779 1126 simile
809 1094 877 1126 est
906 1088 1066 1139 pectori
1103 1086 1201 1126 idoli
1244 1101 1298 1126 ex
1339 1101 1547 1128 marmore
1593 1087 1683 1128 ficii

218 1166 260 1198 et
289 1159 460 1198 brachia
489 1158 571 1197 duo
603 1159 765 1211 laevia,
811 1159 851 1197 in
882 1159 1002 1198 cuius
1043 1159 1320 1198 anterioribus
1357 1160 1542 1211 partibus
1588 1171 1682 1198 cum

217 1231 265 1269 iis
299 1231 531 1269 coniunctis
560 1242 696 1281 neque
728 1242 775 1268 os
807 1231 994 1282 tangitur
1024 1242 1163 1282 neque
1203 1242 1315 1269 vena
1353 1230 1562 1282 palpando
1603 1242 1681 1270 co-

217 1303 369 1355 gnosci
399 1308 540 1354 potest
571 1315 666 1341 eum
697 1300 859 1341 duabus
891 1302 1080 1340 manibus
1111 1302 1254 1340 tenuia
1293 1314 1395 1341 ossa
1432 1302 1681 1342 habentibus

217 1386 458 1426 nervosque
487 1375 621 1425 lenes,
653 1386 827 1424 quarum
859 1372 1013 1426 digitos
1047 1372 1129 1423 (ita
1166 1372 1315 1412 molles
1353 1372 1491 1425 sunt),
1522 1373 1559 1411 si
1597 1373 1681 1426 vis,

218 1445 375 1484 nodare
406 1451 544 1496 potes.
601 1446 648 1483 In
678 1445 757 1483 isto
799 1451 938 1484 autem
980 1451 1153 1496 pectore
1193 1445 1374 1483 eminent
1405 1443 1511 1483 duae
1545 1457 1684 1484 mam-

218 1529 312 1555 mae
343 1516 502 1555 similes
536 1515 699 1554 duobus
730 1516 850 1554 malis
890 1516 1095 1568 Punicis,
1143 1528 1253 1568 quae
1291 1516 1381 1554 eius
1410 1520 1558 1554 vestes
1609 1515 1683 1562 (ob

221 1596 376 1627 motum
409 1586 599 1638 firmum)
636 1588 834 1625 lacerant.
877 1587 965 1626 Sub
997 1587 1064 1626 illa
1096 1600 1140 1625 re
1171 1592 1321 1625 venter
1352 1592 1432 1635 est,
1463 1587 1532 1638 qui
1561 1597 1684 1626 com-

218 1660 396 1711 plicatus
428 1663 495 1696 est
526 1657 664 1712 modo,
697 1670 778 1710 quo
809 1650 1219 1710 panui‘Aegyptiaci
1250 1658 1566 1709 (albi,tenues)
1593 1658 1685 1698 lae-

218 1742 300 1770 ves
321 1730 640 1780 complicantur,
663 1729 782 1781 plicis
799 1730 850 1768 ob
881 1730 1128 1768 obesitatem
1159 1731 1384 1768 instructus
1406 1730 1537 1768 instar
1558 1729 1687 1769 char-

221 1808 355 1842 tarum
387 1802 724 1841 convolutarum.
783 1801 967 1841 Adiacet
996 1808 1135 1841 autem
1173 1802 1265 1840 istis
1304 1802 1423 1853 plicis
1464 1802 1687 1841 umbilicus

225 1875 434 1926 ampullae
464 1874 649 1913 oleariae
688 1873 882 1912 detersae
919 1874 1077 1913 similis.
1136 1874 1253 1913 Pone
1294 1873 1395 1912 illud
1435 1872 1616 1925 dorsum,
1647 1875 1687 1913 iu

222 1959 303 1998 quo
334 1946 467 1985 rivulo
504 1945 650 1984 similis
691 1947 857 1984 cavitas
899 1951 980 1997 est,
1019 1958 1125 1997 quae
1178 1944 1366 1996 perducit
1397 1943 1449 1983 ad
1490 1943 1689 1997 medium,

223 2018 334 2070 quod
366 2016 442 2067 (ob
473 2017 756 2067 tenuitatem),
788 2017 824 2054 si
856 2017 931 2055 Dei
962 2028 1042 2067 non
1074 2015 1227 2055 fuisset
1257 2014 1558 2067 misericordia,
1587 2028 1690 2067 pro-

225 2090 338 2128 fecto
368 2090 589 2140 abruptum
633 2089 793 2126 suisset.
854 2087 904 2126 Ei
946 2093 1009 2125 est
1052 2086 1213 2139 podex,
1261 2088 1330 2138 qui
1370 2100 1496 2139 quum
1537 2086 1687 2138 surgit,

226 2160 374 2211 efficit,
406 2167 449 2200 ut
480 2158 648 2209 sedeat,
680 2164 721 2196 et
753 2170 879 2209 qnuun
910 2157 1049 2209 sedet,
1081 2165 1124 2195 ut
1153 2164 1327 2210 surgent
1348 2157 1492 2207 officit,
1525 2158 1689 2196 cumulo

227 2243 382 2270 arenae
411 2231 586 2281 similis,
616 2242 736 2280 quem
768 2242 837 2269 ros
871 2228 1072 2268 decidens
1102 2228 1261 2267 firmum
1293 2227 1481 2278 reddidit,
1515 2241 1692 2280 eumque

226 2301 310 2341 duo
342 2303 501 2341 femora
532 2302 738 2340 sustinent
771 2313 932 2347 crassa,
963 2301 1041 2339 sub
1074 2301 1223 2351 quibus
1255 2300 1336 2339 duo
1368 2311 1491 2340 crura
1513 2299 1692 2339 rotunda

225 2378 321 2411 sunt
351 2373 499 2411 similia
533 2374 590 2410 rei
623 2370 836 2423 Bordijjah
867 2372 1140 2423 appellatae')
1171 2373 1300 2410 mixta
1332 2372 1513 2410 crinibus
1542 2372 1687 2425 nigris,

230 2444 349 2496 quasi
391 2444 542 2481 annulli
585 2443 740 2482 loricae
773 2444 871 2496 sint,
905 2443 1014 2494 quod
1045 2448 1209 2495 portant
1240 2441 1323 2481 duo
1353 2441 1484 2494 pedes
1515 2443 1685 2496 linguae

256 2618 292 2654 1)
320 2615 502 2657 Quaenam
530 2614 627 2644 vocis
652 2611 761 2666 ‘aig->53
786 2614 995 2654 significatio
1019 2615 1086 2653 sie,
1129 2615 1358 2646 veliementer
1391 2614 1533 2655 dubito,
1558 2614 1690 2646 nullam

320 2688 410 2718 enim
444 2687 477 2717 in
511 2685 632 2716 lexicis
665 2684 822 2723 reperio.
858 2693 947 2722 quae
982 2685 1037 2715 isti
1062 2685 1112 2716 rei
1138 2687 1400 2724 comparandae
1425 2691 1509 2725 apta
1532 2692 1612 2717 esso
1638 2685 1693 2714 vi-

323 2750 457 2780 dentur.
