1813 3039
817 83 870 90 —-
927 71 1008 100 vrn
1067 81 1119 88 -

237 198 266 225 a
296 185 416 226 nobis
449 184 630 238 denique
659 182 805 223 ordine
840 189 925 222 tam
964 177 1212 233 proverbia,
1253 177 1406 230 quibus
1445 180 1701 232 comparatio

237 276 377 323 inest,
417 285 544 326 quam
573 271 834 320 recentiora,
875 281 986 322 quae
1025 267 1164 307 omnia
1193 265 1434 305 Meidanius
1465 279 1490 306 a
1519 268 1703 308 caeteris

240 361 465 414 disiunxit,
502 373 585 400 non
614 365 811 412 poterant
841 371 924 398 non
954 369 1051 396 cum
1082 354 1265 396 caeteris
1294 355 1476 396 misceri.

349 449 552 492 Meidanii
580 461 707 500 opere
736 448 853 488 finito
892 448 1012 498 plura
1048 451 1136 484 tum
1167 450 1318 483 vetera
1346 449 1436 484 tum
1462 446 1700 486 recentiora

239 553 295 581 ex
324 540 416 581 aliis
449 537 646 591 operibus
685 537 866 577 collecta
906 533 1158 587 proverbia,
1199 544 1280 572 nec
1316 546 1400 573 non
1438 533 1519 575 alia
1552 532 1703 574 adiun-

237 642 352 683 gam.
409 627 474 668 Ob
512 627 624 666 illum
661 631 804 666 autem
841 636 867 664 a
896 622 1115 663 Meidanio
1146 621 1187 661 in
1217 621 1488 675 disponendis
1520 635 1703 675 prover-

238 718 317 758 biis
364 718 638 757 observatum
685 713 872 754 ordinem
916 711 1046 752 index
1083 710 1317 766 Arabicus9
1363 714 1403 752 in
1451 713 1702 765 quaerendis

238 813 325 848 tam
372 805 549 858 singulis
600 801 835 856 proverbiis
885 813 1014 853 quam
1062 800 1156 841 aliis
1200 801 1327 841 rebus
1376 802 1417 841 in
1466 802 1702 855 proverbiis

240 895 408 936 obviam
444 892 712 933 venientibus
748 891 998 931 utilissimus
1040 903 1067 931 a
1107 903 1175 930 me
1208 889 1385 931 addatur
1414 902 1597 930 necesse
1624 896 1701 932 est.

240 985 336 1036 Qua
372 983 414 1023 in
452 995 497 1022 re
535 981 593 1021 ita
635 993 789 1035 agam7
830 986 876 1020 ut
915 981 1109 1033 primum·
1132 980 1175 1018 in
1213 979 1437 1031 proverbio
1477 991 1703 1019 occurrens

237 1079 312 1114 aut
356 1071 476 1112 verbi
520 1075 592 1110 aut
633 1070 812 1110 nominis
853 1070 1010 1123 forma,
1057 1068 1214 1109 radicis
1262 1068 1493 1108 litterarum
1541 1067 1706 1108 ratione

237 1163 399 1215 habita,
440 1159 669 1201 secundum
708 1158 1020 1213 alphabeticum
1062 1158 1250 1198 ordinem
1288 1157 1524 1197 adnotetur.
1583 1155 1702 1195 Indi—

239 1264 332 1292 cem
369 1263 538 1305 quoque
575 1248 772 1302 latinum,
813 1248 881 1301 qui
919 1261 1122 1302 magnam
1160 1247 1382 1287 utilitatem
1423 1246 1575 1286 afferre
1603 1245 1702 1285 mihi

237 1340 462 1394 videretur,
494 1339 750 1392 subiungere
779 1338 922 1377 statui.
977 1337 1100 1388 Quae
1131 1336 1312 1389 denique
1341 1335 1395 1376 de
1422 1335 1702 1374 Arabicorum

236 1430 552 1484 proverbiorum
583 1433 731 1469 natura
759 1427 912 1480 iisque,
944 1426 1014 1478 qui
1043 1425 1152 1465 inter
1180 1424 1349 1465 Arabes
1380 1430 1422 1464 et
1452 1422 1701 1477 colligendis

237 1524 281 1559 et
308 1518 630 1571 interpretandis
660 1515 895 1569 proverbiis
927 1527 1098 1568 operam
1129 1513 1339 1568 navarint,
1373 1513 1414 1553 in
1442 1511 1703 1565 praefatione

237 1607 407 1648 brevius
438 1606 614 1647 dicenda
643 1606 849 1657 fuissent,
890 1617 942 1645 ea
983 1604 1024 1643 in
1063 1603 1419 1643 commentatione
1450 1601 1565 1653 operi
1594 1600 1701 1640 sub-

237 1696 450 1750 iungenda
477 1697 610 1737 fusius
645 1695 858 1748 explicare
894 1694 936 1733 in
975 1692 1114 1732 animo
1153 1698 1234 1732 est.
1289 1689 1547 1731 Praefationi
1575 1689 1702 1729 finem

237 1786 509 1838 impositurus
540 1785 774 1826 fautoribus
805 1784 911 1836 illis,
954 1781 1050 1835 qui,
1094 1781 1206 1834 quod
1250 1787 1434 1821 emtores
1475 1779 1614 1832 operis
1653 1790 1703 1817 se

239 1874 427 1914 confessi
464 1878 582 1921 sunt,
624 1872 760 1912 felicis
800 1880 1032 1910 successus
1072 1881 1193 1921 spem
1229 1868 1329 1908 mihi
1363 1867 1578 1919 fecerunt,
1619 1879 1702 1905 non

238 1976 416 2017 possum
465 1962 560 2015 quin
604 1961 765 2014 gratias
815 1972 941 2013 agam
991 1958 1286 2010 amplissimas.
1353 1955 1486 1996 Pauci
1533 1953 1703 2007 quidem

241 2058 337 2092 sunt
365 2063 560 2104 numem,
606 2050 684 2090 sed
715 2062 842 2104 quum
872 2048 956 2088 sint
984 2047 1217 2086 imitatione
1245 2047 1286 2086 in
1315 2058 1445 2098 opere
1473 2050 1557 2083 tam
1587 2042 1702 2082 diffi-

242 2141 309 2181 cili
348 2145 516 2192 tamque
553 2139 640 2178 utili
679 2137 917 2178 adiuvando
959 2134 1220 2190 dignissimi,
1262 2135 1382 2187 quing.
1423 2134 1514 2172 Deo
1546 2132 1702 2183 optimo

243 2230 426 2269 maximo
456 2228 700 2279 adiuvante,
733 2226 785 2266 ad
814 2231 1003 2279 optatum
1034 2224 1160 2264 finem
1191 2235 1300 2275 opus
1331 2221 1582 2276 perducam,
1621 2233 1700 2259 non

245 2323 313 2358 est
353 2316 466 2370 quod
503 2316 698 2355 dubitem.
758 2315 885 2367 Operi
924 2315 1042 2355 finito
1083 2313 1262 2353 omnium
1299 2312 1508 2352 fautorum
1537 2309 1703 2349 nomina

245 2406 510 2458 subiungam.
569 2406 616 2444 In
648 2417 775 2457 opere
804 2404 931 2444 tantis
963 2401 1283 2442 difficultatibus
1314 2401 1454 2454 pleno,
1492 2405 1538 2438 ut
1566 2397 1703 2438 omni-

245 2495 324 2534 bus
353 2494 428 2533 vix
459 2494 568 2532 ullus
598 2493 848 2533 satisfacere
878 2493 1035 2544 possit,
1075 2504 1143 2531 me
1174 2491 1334 2531 iudices
1361 2490 1515 2542 iustos,
1554 2493 1596 2527 et
1625 2498 1703 2526 ae-

247 2595 355 2636 quos
383 2582 621 2622 habiturum
651 2594 776 2634 esse,
806 2593 956 2634 spero,
989 2579 1165 2620 confido.

317 2688 539 2720 scribebam„
567 2687 724 2717 Romnae
751 2684 931 2717 Calendis
958 2685 1133 2716 Octobris
1157 2683 1580 2718 MDCCCXXXVJH.
