<?xml version="1.0" encoding="UTF-8"?>
<!DOCTYPE html PUBLIC "-//W3C//DTD XHTML 1.0 Transitional//EN"
    "http://www.w3.org/TR/xhtml1/DTD/xhtml1-transitional.dtd">
<html xmlns="http://www.w3.org/1999/xhtml" xml:lang="en" lang="en">
 <head>
  <title>
</title>
<meta http-equiv="Content-Type" content="text/html;charset=utf-8" />
  <meta name='ocr-system' content='tesseract 3.04.00' />
  <meta name='ocr-capabilities' content='ocr_page ocr_carea ocr_par ocr_line ocrx_word'/>
</head>
<body>
  <div class='ocr_page' id='page_1' title='image "./arabumproverbiav01freyuoft/arabumproverbiav01freyuoft_0824.png"; bbox 0 0 1771 3072; ppageno 0'>
   <div class='ocr_carea' id='block_1_1' title="bbox 179 490 1068 558">
    <p class='ocr_par' dir='ltr' id='par_1_1' title="bbox 179 490 1068 558">
     <span class='ocr_line' id='line_1_1' title="bbox 179 490 1068 558; baseline -0.001 -19"><span class='ocrx_word' id='word_1_1' title='bbox 179 497 254 540; x_wconf 86' lang='lat'>71.</span> <span class='ocrx_word' id='word_1_2' title='bbox 328 492 539 539; x_wconf 82' lang='lat' dir='ltr'>Avidior</span> <span class='ocrx_word' id='word_1_3' title='bbox 575 502 724 558; x_wconf 84' lang='lat' dir='ltr'>quam</span> <span class='ocrx_word' id='word_1_4' title='bbox 761 490 1068 539; x_wconf 75' lang='lat' dir='ltr'>AschahbuS.</span> 
     </span>
    </p>
   </div>
   <div class='ocr_carea' id='block_1_2' title="bbox 171 588 1654 2506">
    <p class='ocr_par' dir='ltr' id='par_1_2' title="bbox 171 588 1654 2506">
     <span class='ocr_line' id='line_1_2' title="bbox 230 588 1643 645; baseline -0.004 -13"><span class='ocrx_word' id='word_1_5' title='bbox 230 592 494 632; x_wconf 82' lang='lat' dir='ltr'>Aschahbus</span> <span class='ocrx_word' id='word_1_6' title='bbox 507 592 809 645; x_wconf 79' lang='lat' dir='ltr'>ben-Djobair‚</span> <span class='ocrx_word' id='word_1_7' title='bbox 823 594 895 644; x_wconf 84' lang='lat' dir='ltr'>qui</span> <span class='ocrx_word' id='word_1_8' title='bbox 909 592 1149 631; x_wconf 87' lang='lat' dir='ltr'>Abu-Abla</span> <span class='ocrx_word' id='word_1_9' title='bbox 1166 603 1245 630; x_wconf 90' lang='lat' dir='ltr'>nec</span> <span class='ocrx_word' id='word_1_10' title='bbox 1263 603 1344 629; x_wconf 91' lang='lat' dir='ltr'>non</span> <span class='ocrx_word' id='word_1_11' title='bbox 1363 588 1516 629; x_wconf 85' lang='lat' dir='ltr'>avidus</span> <span class='ocrx_word' id='word_1_12' title='bbox 1530 598 1643 640; x_wconf 88' lang='lat' dir='ltr'>cog-</span> 
     </span>
     <span class='ocr_line' id='line_1_3' title="bbox 176 658 1645 715; baseline -0.003 -13"><span class='ocrx_word' id='word_1_13' title='bbox 176 665 416 704; x_wconf 88' lang='lat' dir='ltr'>nominatus</span> <span class='ocrx_word' id='word_1_14' title='bbox 453 671 545 704; x_wconf 85' lang='lat' dir='ltr'>erat</span> <span class='ocrx_word' id='word_1_15' title='bbox 569 663 705 715; x_wconf 84' lang='lat' dir='ltr'>(conf.</span> <span class='ocrx_word' id='word_1_16' title='bbox 736 664 880 704; x_wconf 89' lang='lat' dir='ltr'>Abulf.</span> <span class='ocrx_word' id='word_1_17' title='bbox 911 665 1019 703; x_wconf 91' lang='lat' dir='ltr'>Ann.</span> <span class='ocrx_word' id='word_1_18' title='bbox 1043 665 1098 715; x_wconf 75' lang='grc' dir='ltr'>Π,</span> <span class='ocrx_word' id='word_1_19' title='bbox 1122 677 1160 715; x_wconf 89' lang='lat' dir='ltr'>p.</span> <span class='ocrx_word' id='word_1_20' title='bbox 1188 662 1468 714; x_wconf 15' lang='lat' dir='ltr'>632.)rcliens</span> <span class='ocrx_word' id='word_1_21' title='bbox 1491 658 1645 699; x_wconf 90' lang='lat' dir='ltr'>Ahbd-</span> 
     </span>
     <span class='ocr_line' id='line_1_4' title="bbox 174 733 1646 776; baseline -0.005 0"><span class='ocrx_word' id='word_1_22' title='bbox 174 737 313 776; x_wconf 85' lang='lat' dir='ltr'>Allahi</span> <span class='ocrx_word' id='word_1_23' title='bbox 342 736 676 776; x_wconf 85' lang='lat' dir='ltr'>ben-Alsobair</span> <span class='ocrx_word' id='word_1_24' title='bbox 706 742 749 775; x_wconf 88' lang='lat' dir='ltr'>et</span> <span class='ocrx_word' id='word_1_25' title='bbox 788 736 924 775; x_wconf 90' lang='lat' dir='ltr'>incola</span> <span class='ocrx_word' id='word_1_26' title='bbox 955 735 1068 774; x_wconf 88' lang='lat' dir='ltr'>urbis</span> <span class='ocrx_word' id='word_1_27' title='bbox 1099 733 1299 773; x_wconf 85' lang='lat' dir='ltr'>Medinae</span> <span class='ocrx_word' id='word_1_28' title='bbox 1343 739 1448 771; x_wconf 84' lang='lat' dir='ltr'>erat.</span> <span class='ocrx_word' id='word_1_29' title='bbox 1505 733 1646 771; x_wconf 92' lang='lat' dir='ltr'>Inter-</span> 
     </span>
     <span class='ocr_line' id='line_1_5' title="bbox 174 802 1647 862; baseline -0.004 -15"><span class='ocrx_word' id='word_1_30' title='bbox 174 814 365 861; x_wconf 75' lang='lat' dir='ltr'>rogatus,</span> <span class='ocrx_word' id='word_1_31' title='bbox 397 809 531 860; x_wconf 85' lang='lat' dir='ltr'>qualis</span> <span class='ocrx_word' id='word_1_32' title='bbox 563 809 654 847; x_wconf 87' lang='lat' dir='ltr'>eius</span> <span class='ocrx_word' id='word_1_33' title='bbox 684 807 893 860; x_wconf 80' lang='lat' dir='ltr'>cupiditas</span> <span class='ocrx_word' id='word_1_34' title='bbox 923 807 1092 862; x_wconf 71' lang='lat' dir='ltr'>fuisset,</span> <span class='ocrx_word' id='word_1_35' title='bbox 1133 803 1552 845; x_wconf 88' lang='lat' dir='ltr'>Abu-Ohbaidahus</span> <span class='ocrx_word' id='word_1_36' title='bbox 1583 802 1647 842; x_wconf 91' lang='lat' dir='ltr'>sic</span> 
     </span>
     <span class='ocr_line' id='line_1_6' title="bbox 173 878 1649 927; baseline -0.003 -10"><span class='ocrx_word' id='word_1_37' title='bbox 173 880 377 919; x_wconf 83' lang='lat' dir='ltr'>narravit:</span> <span class='ocrx_word' id='word_1_38' title='bbox 435 879 655 918; x_wconf 70' lang='lat' dir='ltr'>Vener-ant</span> <span class='ocrx_word' id='word_1_39' title='bbox 685 878 739 918; x_wconf 90' lang='lat' dir='ltr'>ad</span> <span class='ocrx_word' id='word_1_40' title='bbox 769 891 866 918; x_wconf 84' lang='lat' dir='ltr'>eum</span> <span class='ocrx_word' id='word_1_41' title='bbox 896 878 1199 918; x_wconf 78' lang='lat' dir='ltr'>adolescentes</span> <span class='ocrx_word' id='word_1_42' title='bbox 1230 878 1312 917; x_wconf 91' lang='lat' dir='ltr'>ioci</span> <span class='ocrx_word' id='word_1_43' title='bbox 1343 887 1497 927; x_wconf 74' lang='lat' dir='ltr'>causa,</span> <span class='ocrx_word' id='word_1_44' title='bbox 1558 879 1649 913; x_wconf 85' lang='lat' dir='ltr'>erat</span> 
     </span>
     <span class='ocr_line' id='line_1_7' title="bbox 173 947 1648 1004; baseline -0.003 -16"><span class='ocrx_word' id='word_1_45' title='bbox 173 951 281 989; x_wconf 88' lang='lat' dir='ltr'>enim</span> <span class='ocrx_word' id='word_1_46' title='bbox 311 951 405 989; x_wconf 90' lang='lat' dir='ltr'>loeo</span> <span class='ocrx_word' id='word_1_47' title='bbox 437 949 621 1004; x_wconf 55' lang='lat' dir='ltr'>deditus)</span> <span class='ocrx_word' id='word_1_48' title='bbox 654 949 902 1003; x_wconf 88' lang='lat' dir='ltr'>ingeniosus</span> <span class='ocrx_word' id='word_1_49' title='bbox 933 955 975 988; x_wconf 89' lang='lat' dir='ltr'>et</span> <span class='ocrx_word' id='word_1_50' title='bbox 1003 949 1206 988; x_wconf 89' lang='lat' dir='ltr'>musicus.</span> <span class='ocrx_word' id='word_1_51' title='bbox 1268 947 1353 998; x_wconf 85' lang='lat' dir='ltr'>Qui</span> <span class='ocrx_word' id='word_1_52' title='bbox 1393 959 1520 1000; x_wconf 89' lang='lat' dir='ltr'>quum</span> <span class='ocrx_word' id='word_1_53' title='bbox 1552 958 1648 985; x_wconf 87' lang='lat' dir='ltr'>eum</span> 
     </span>
     <span class='ocr_line' id='line_1_8' title="bbox 173 1019 1648 1074; baseline -0.002 -14"><span class='ocrx_word' id='word_1_54' title='bbox 173 1035 283 1060; x_wconf 84' lang='lat' dir='ltr'>noxa</span> <span class='ocrx_word' id='word_1_55' title='bbox 313 1020 559 1074; x_wconf 74' lang='lat' dir='ltr'>adficerent,</span> <span class='ocrx_word' id='word_1_56' title='bbox 584 1027 626 1060; x_wconf 91' lang='lat' dir='ltr'>ut</span> <span class='ocrx_word' id='word_1_57' title='bbox 657 1034 733 1061; x_wconf 90' lang='lat' dir='ltr'>eos</span> <span class='ocrx_word' id='word_1_58' title='bbox 763 1032 869 1060; x_wconf 83' lang='lat' dir='ltr'>ase</span> <span class='ocrx_word' id='word_1_59' title='bbox 886 1027 1143 1073; x_wconf 72' lang='lat' dir='ltr'>removeret,</span> <span class='ocrx_word' id='word_1_60' title='bbox 1169 1020 1294 1060; x_wconf 87' lang='lat' dir='ltr'>dixit:</span> <span class='ocrx_word' id='word_1_61' title='bbox 1325 1021 1366 1059; x_wconf 90' lang='lat' dir='ltr'>in</span> <span class='ocrx_word' id='word_1_62' title='bbox 1387 1019 1510 1058; x_wconf 89' lang='lat' dir='ltr'>domo</span> <span class='ocrx_word' id='word_1_63' title='bbox 1535 1031 1648 1071; x_wconf 86' lang='lat' dir='ltr'>gen-</span> 
     </span>
     <span class='ocr_line' id='line_1_9' title="bbox 174 1091 1649 1145; baseline -0.003 -13"><span class='ocrx_word' id='word_1_64' title='bbox 174 1093 228 1132; x_wconf 89' lang='lat' dir='ltr'>tis</span> <span class='ocrx_word' id='word_1_65' title='bbox 259 1091 479 1132; x_wconf 90' lang='lat' dir='ltr'>cuiusdam</span> <span class='ocrx_word' id='word_1_66' title='bbox 510 1093 681 1145; x_wconf 85' lang='lat' dir='ltr'>nuptiae</span> <span class='ocrx_word' id='word_1_67' title='bbox 711 1099 828 1145; x_wconf 83' lang='lat' dir='ltr'>sunt3</span> <span class='ocrx_word' id='word_1_68' title='bbox 863 1091 916 1132; x_wconf 81' lang='lat' dir='ltr'>ad</span> <span class='ocrx_word' id='word_1_69' title='bbox 945 1105 1013 1132; x_wconf 88' lang='lat' dir='ltr'>me</span> <span class='ocrx_word' id='word_1_70' title='bbox 1042 1093 1167 1145; x_wconf 87' lang='lat' dir='ltr'>igitur</span> <span class='ocrx_word' id='word_1_71' title='bbox 1196 1092 1237 1131; x_wconf 89' lang='lat' dir='ltr'>in</span> <span class='ocrx_word' id='word_1_72' title='bbox 1254 1092 1381 1131; x_wconf 87' lang='lat' dir='ltr'>istum</span> <span class='ocrx_word' id='word_1_73' title='bbox 1397 1092 1537 1130; x_wconf 89' lang='lat' dir='ltr'>locum</span> <span class='ocrx_word' id='word_1_74' title='bbox 1565 1103 1649 1129; x_wconf 88' lang='lat' dir='ltr'>ve-</span> 
     </span>
     <span class='ocr_line' id='line_1_10' title="bbox 172 1162 1649 1217; baseline -0.001 -15"><span class='ocrx_word' id='word_1_75' title='bbox 172 1164 271 1217; x_wconf 74' lang='lat' dir='ltr'>nite7</span> <span class='ocrx_word' id='word_1_76' title='bbox 303 1176 399 1203; x_wconf 90' lang='lat' dir='ltr'>nam</span> <span class='ocrx_word' id='word_1_77' title='bbox 429 1164 553 1203; x_wconf 86' lang='lat' dir='ltr'>vobis</span> <span class='ocrx_word' id='word_1_78' title='bbox 577 1164 725 1203; x_wconf 88' lang='lat' dir='ltr'>maiori</span> <span class='ocrx_word' id='word_1_79' title='bbox 754 1163 976 1204; x_wconf 90' lang='lat' dir='ltr'>commodo</span> <span class='ocrx_word' id='word_1_80' title='bbox 1008 1164 1097 1203; x_wconf 89' lang='lat' dir='ltr'>erit.</span> <span class='ocrx_word' id='word_1_81' title='bbox 1155 1163 1366 1203; x_wconf 90' lang='lat' dir='ltr'>Abierunt</span> <span class='ocrx_word' id='word_1_82' title='bbox 1395 1162 1522 1215; x_wconf 89' lang='lat' dir='ltr'>igitur</span> <span class='ocrx_word' id='word_1_83' title='bbox 1552 1173 1649 1200; x_wconf 90' lang='lat' dir='ltr'>eum</span> 
     </span>
     <span class='ocr_line' id='line_1_11' title="bbox 172 1234 1651 1286; baseline 0 -14"><span class='ocrx_word' id='word_1_84' title='bbox 172 1235 468 1286; x_wconf 80' lang='lat' dir='ltr'>relinquentes.</span> <span class='ocrx_word' id='word_1_85' title='bbox 544 1235 806 1274; x_wconf 88' lang='lat' dir='ltr'>Absentibus</span> <span class='ocrx_word' id='word_1_86' title='bbox 854 1235 1204 1274; x_wconf 84' lang='lat' dir='ltr'>adolescentibus</span> <span class='ocrx_word' id='word_1_87' title='bbox 1256 1234 1372 1273; x_wconf 81' lang='lat' dir='ltr'>dixit:</span> <span class='ocrx_word' id='word_1_88' title='bbox 1442 1234 1651 1273; x_wconf 82' lang='lat' dir='ltr'>Fortasse</span> 
     </span>
     <span class='ocr_line' id='line_1_12' title="bbox 172 1305 1649 1360; baseline 0.001 -16"><span class='ocrx_word' id='word_1_89' title='bbox 172 1305 285 1358; x_wconf 91' lang='lat' dir='ltr'>quod</span> <span class='ocrx_word' id='word_1_90' title='bbox 316 1305 418 1359; x_wconf 79' lang='lat' dir='ltr'>dixi,</span> <span class='ocrx_word' id='word_1_91' title='bbox 450 1319 599 1345; x_wconf 85' lang='lat' dir='ltr'>verum</span> <span class='ocrx_word' id='word_1_92' title='bbox 631 1313 710 1346; x_wconf 87' lang='lat' dir='ltr'>est.</span> <span class='ocrx_word' id='word_1_93' title='bbox 768 1307 859 1346; x_wconf 87' lang='lat' dir='ltr'>Eos</span> <span class='ocrx_word' id='word_1_94' title='bbox 890 1307 1017 1360; x_wconf 86' lang='lat' dir='ltr'>igitur</span> <span class='ocrx_word' id='word_1_95' title='bbox 1047 1312 1224 1346; x_wconf 87' lang='lat' dir='ltr'>secutus</span> <span class='ocrx_word' id='word_1_96' title='bbox 1255 1305 1307 1345; x_wconf 90' lang='lat' dir='ltr'>ad</span> <span class='ocrx_word' id='word_1_97' title='bbox 1345 1306 1474 1346; x_wconf 89' lang='lat' dir='ltr'>istum</span> <span class='ocrx_word' id='word_1_98' title='bbox 1511 1305 1649 1346; x_wconf 88' lang='lat' dir='ltr'>locum</span> 
     </span>
     <span class='ocr_line' id='line_1_13' title="bbox 171 1378 1652 1431; baseline 0.001 -15"><span class='ocrx_word' id='word_1_99' title='bbox 171 1378 365 1429; x_wconf 87' lang='lat' dir='ltr'>pervenit</span> <span class='ocrx_word' id='word_1_100' title='bbox 394 1378 448 1417; x_wconf 92' lang='lat' dir='ltr'>nil</span> <span class='ocrx_word' id='word_1_101' title='bbox 480 1384 644 1430; x_wconf 88' lang='lat' dir='ltr'>praeter</span> <span class='ocrx_word' id='word_1_102' title='bbox 681 1378 979 1418; x_wconf 87' lang='lat' dir='ltr'>adolescentes</span> <span class='ocrx_word' id='word_1_103' title='bbox 1017 1378 1260 1429; x_wconf 83' lang='lat' dir='ltr'>inveniens,</span> <span class='ocrx_word' id='word_1_104' title='bbox 1293 1378 1363 1431; x_wconf 92' lang='lat' dir='ltr'>qui</span> <span class='ocrx_word' id='word_1_105' title='bbox 1403 1391 1500 1418; x_wconf 90' lang='lat' dir='ltr'>eum</span> <span class='ocrx_word' id='word_1_106' title='bbox 1535 1390 1652 1417; x_wconf 85' lang='lat' dir='ltr'>noxa</span> 
     </span>
     <span class='ocr_line' id='line_1_14' title="bbox 172 1449 1648 1504; baseline -0.001 -15"><span class='ocrx_word' id='word_1_107' title='bbox 172 1449 438 1489; x_wconf 79' lang='lat' dir='ltr'>adliciebant.</span> <span class='ocrx_word' id='word_1_108' title='bbox 496 1450 787 1489; x_wconf 83' lang='lat' dir='ltr'>Abu-Salimo</span> <span class='ocrx_word' id='word_1_109' title='bbox 818 1449 1213 1489; x_wconf 86' lang='lat' dir='ltr'>ben-Ahbd-Allah</span> <span class='ocrx_word' id='word_1_110' title='bbox 1233 1462 1327 1488; x_wconf 89' lang='lat' dir='ltr'>eum</span> <span class='ocrx_word' id='word_1_111' title='bbox 1358 1449 1648 1504; x_wconf 80' lang='lat' dir='ltr'>interroganti,</span> 
     </span>
     <span class='ocr_line' id='line_1_15' title="bbox 172 1521 1651 1575; baseline 0 -15"><span class='ocrx_word' id='word_1_112' title='bbox 172 1522 309 1574; x_wconf 87' lang='lat' dir='ltr'>qualis</span> <span class='ocrx_word' id='word_1_113' title='bbox 340 1522 475 1573; x_wconf 91' lang='lat' dir='ltr'>ipsius</span> <span class='ocrx_word' id='word_1_114' title='bbox 506 1521 714 1573; x_wconf 85' lang='lat' dir='ltr'>cupiditas</span> <span class='ocrx_word' id='word_1_115' title='bbox 746 1528 880 1575; x_wconf 82' lang='lat' dir='ltr'>esset,</span> <span class='ocrx_word' id='word_1_116' title='bbox 910 1521 1147 1575; x_wconf 87' lang='lat' dir='ltr'>respondit:</span> <span class='ocrx_word' id='word_1_117' title='bbox 1208 1521 1282 1575; x_wconf 72' lang='lat' dir='ltr'>Se,</span> <span class='ocrx_word' id='word_1_118' title='bbox 1315 1522 1651 1574; x_wconf 82' lang='lat' dir='ltr'>quotiescunque</span> 
     </span>
     <span class='ocr_line' id='line_1_16' title="bbox 173 1592 1651 1645; baseline 0.001 -14"><span class='ocrx_word' id='word_1_119' title='bbox 173 1593 473 1645; x_wconf 87' lang='lat' dir='ltr'>conspexisset</span> <span class='ocrx_word' id='word_1_120' title='bbox 514 1593 706 1633; x_wconf 86' lang='lat' dir='ltr'>homines</span> <span class='ocrx_word' id='word_1_121' title='bbox 746 1593 854 1633; x_wconf 91' lang='lat' dir='ltr'>duos</span> <span class='ocrx_word' id='word_1_122' title='bbox 902 1592 954 1633; x_wconf 90' lang='lat' dir='ltr'>de</span> <span class='ocrx_word' id='word_1_123' title='bbox 1000 1605 1101 1633; x_wconf 89' lang='lat' dir='ltr'>arca</span> <span class='ocrx_word' id='word_1_124' title='bbox 1148 1593 1267 1633; x_wconf 85' lang='lat' dir='ltr'>ferali</span> <span class='ocrx_word' id='word_1_125' title='bbox 1308 1593 1541 1633; x_wconf 90' lang='lat' dir='ltr'>clanculum</span> <span class='ocrx_word' id='word_1_126' title='bbox 1582 1594 1651 1633; x_wconf 95' lang='lat' dir='ltr'>lo-</span> 
     </span>
     <span class='ocr_line' id='line_1_17' title="bbox 172 1666 1651 1719; baseline 0 -15"><span class='ocrx_word' id='word_1_127' title='bbox 172 1672 366 1717; x_wconf 83' lang='lat' dir='ltr'>quentes,</span> <span class='ocrx_word' id='word_1_128' title='bbox 398 1671 593 1719; x_wconf 68' lang='lat' dir='ltr'>putasse,</span> <span class='ocrx_word' id='word_1_129' title='bbox 626 1671 832 1705; x_wconf 87' lang='lat' dir='ltr'>mortuum</span> <span class='ocrx_word' id='word_1_130' title='bbox 862 1666 941 1718; x_wconf 92' lang='lat' dir='ltr'>ipsi</span> <span class='ocrx_word' id='word_1_131' title='bbox 971 1672 1228 1706; x_wconf 86' lang='lat' dir='ltr'>testamento</span> <span class='ocrx_word' id='word_1_132' title='bbox 1269 1679 1357 1705; x_wconf 90' lang='lat' dir='ltr'>rem</span> <span class='ocrx_word' id='word_1_133' title='bbox 1387 1667 1578 1719; x_wconf 77' lang='lat' dir='ltr'>legasse,</span> <span class='ocrx_word' id='word_1_134' title='bbox 1609 1671 1651 1705; x_wconf 88' lang='lat' dir='ltr'>et</span> 
     </span>
     <span class='ocr_line' id='line_1_18' title="bbox 176 1737 1650 1790; baseline 0.001 -15"><span class='ocrx_word' id='word_1_135' title='bbox 176 1750 299 1790; x_wconf 88' lang='lat' dir='ltr'>quem</span> <span class='ocrx_word' id='word_1_136' title='bbox 332 1738 468 1776; x_wconf 85' lang='lat' dir='ltr'>virum</span> <span class='ocrx_word' id='word_1_137' title='bbox 502 1750 670 1776; x_wconf 84' lang='lat' dir='ltr'>manum</span> <span class='ocrx_word' id='word_1_138' title='bbox 705 1738 744 1776; x_wconf 89' lang='lat' dir='ltr'>in</span> <span class='ocrx_word' id='word_1_139' title='bbox 775 1739 982 1777; x_wconf 86' lang='lat' dir='ltr'>manicam</span> <span class='ocrx_word' id='word_1_140' title='bbox 1013 1738 1309 1777; x_wconf 79' lang='lat' dir='ltr'>immittentem</span> <span class='ocrx_word' id='word_1_141' title='bbox 1346 1737 1509 1788; x_wconf 84' lang='lat' dir='ltr'>videat,</span> <span class='ocrx_word' id='word_1_142' title='bbox 1555 1750 1650 1777; x_wconf 86' lang='lat' dir='ltr'>eum</span> 
     </span>
     <span class='ocr_line' id='line_1_19' title="bbox 173 1807 1650 1863; baseline 0 -15"><span class='ocrx_word' id='word_1_143' title='bbox 173 1822 221 1848; x_wconf 92' lang='lat' dir='ltr'>se</span> <span class='ocrx_word' id='word_1_144' title='bbox 238 1815 403 1861; x_wconf 74' lang='lat' dir='ltr'>putare,</span> <span class='ocrx_word' id='word_1_145' title='bbox 424 1808 505 1861; x_wconf 90' lang='lat' dir='ltr'>ipsi</span> <span class='ocrx_word' id='word_1_146' title='bbox 527 1808 680 1847; x_wconf 86' lang='lat' dir='ltr'>donum</span> <span class='ocrx_word' id='word_1_147' title='bbox 699 1808 891 1849; x_wconf 89' lang='lat' dir='ltr'>daturum</span> <span class='ocrx_word' id='word_1_148' title='bbox 905 1822 1016 1849; x_wconf 89' lang='lat' dir='ltr'>esse.</span> <span class='ocrx_word' id='word_1_149' title='bbox 1045 1807 1471 1849; x_wconf 70' lang='lat' dir='ltr'>Ebu-Abi-l’sinado</span> <span class='ocrx_word' id='word_1_150' title='bbox 1494 1814 1650 1863; x_wconf 48' lang='lat' dir='ltr'>autem&gt;</span> 
     </span>
     <span class='ocr_line' id='line_1_20' title="bbox 173 1880 1651 1936; baseline 0.001 -18"><span class='ocrx_word' id='word_1_151' title='bbox 173 1881 368 1934; x_wconf 85' lang='lat' dir='ltr'>quicum</span> <span class='ocrx_word' id='word_1_152' title='bbox 399 1881 736 1934; x_wconf 81' lang='lat' dir='ltr'>interrogasset,</span> <span class='ocrx_word' id='word_1_153' title='bbox 778 1881 912 1933; x_wconf 89' lang='lat' dir='ltr'>qualis</span> <span class='ocrx_word' id='word_1_154' title='bbox 952 1881 1088 1933; x_wconf 91' lang='lat' dir='ltr'>ipsius</span> <span class='ocrx_word' id='word_1_155' title='bbox 1129 1880 1338 1932; x_wconf 79' lang='lat' dir='ltr'>cupiditas</span> <span class='ocrx_word' id='word_1_156' title='bbox 1384 1886 1523 1933; x_wconf 79' lang='lat' dir='ltr'>esset,</span> <span class='ocrx_word' id='word_1_157' title='bbox 1576 1893 1651 1936; x_wconf 85' lang='lat' dir='ltr'>re—</span> 
     </span>
     <span class='ocr_line' id='line_1_21' title="bbox 173 1951 1652 2005; baseline 0 -14"><span class='ocrx_word' id='word_1_158' title='bbox 173 1952 400 2004; x_wconf 86' lang='lat' dir='ltr'>spondisse</span> <span class='ocrx_word' id='word_1_159' title='bbox 431 1952 593 1992; x_wconf 87' lang='lat' dir='ltr'>dicitur:</span> <span class='ocrx_word' id='word_1_160' title='bbox 653 1954 753 1993; x_wconf 89' lang='lat' dir='ltr'>Non</span> <span class='ocrx_word' id='word_1_161' title='bbox 784 1959 852 1993; x_wconf 91' lang='lat' dir='ltr'>est</span> <span class='ocrx_word' id='word_1_162' title='bbox 882 1952 1067 1992; x_wconf 81' lang='lat' dir='ltr'>deducta</span> <span class='ocrx_word' id='word_1_163' title='bbox 1096 1965 1255 2005; x_wconf 87' lang='lat' dir='ltr'>sponsa</span> <span class='ocrx_word' id='word_1_164' title='bbox 1284 1951 1338 1991; x_wconf 82' lang='lat' dir='ltr'>ad</span> <span class='ocrx_word' id='word_1_165' title='bbox 1368 1965 1527 1991; x_wconf 79' lang='lat' dir='ltr'>novum</span> <span class='ocrx_word' id='word_1_166' title='bbox 1557 1964 1652 1991; x_wconf 81' lang='lat' dir='ltr'>ma-</span> 
     </span>
     <span class='ocr_line' id='line_1_22' title="bbox 175 2022 1653 2076; baseline -0.001 -14"><span class='ocrx_word' id='word_1_167' title='bbox 175 2025 312 2076; x_wconf 79' lang='lat' dir='ltr'>ritum,</span> <span class='ocrx_word' id='word_1_168' title='bbox 343 2023 422 2063; x_wconf 90' lang='lat' dir='ltr'>nisi</span> <span class='ocrx_word' id='word_1_169' title='bbox 451 2024 595 2075; x_wconf 89' lang='lat' dir='ltr'>scopis</span> <span class='ocrx_word' id='word_1_170' title='bbox 628 2023 797 2063; x_wconf 91' lang='lat' dir='ltr'>domum</span> <span class='ocrx_word' id='word_1_171' title='bbox 827 2036 965 2063; x_wconf 87' lang='lat' dir='ltr'>meam</span> <span class='ocrx_word' id='word_1_172' title='bbox 994 2025 1106 2063; x_wconf 88' lang='lat' dir='ltr'>verri</span> <span class='ocrx_word' id='word_1_173' title='bbox 1129 2036 1208 2075; x_wconf 88' lang='lat' dir='ltr'>spe</span> <span class='ocrx_word' id='word_1_174' title='bbox 1229 2022 1437 2062; x_wconf 87' lang='lat' dir='ltr'>adductus</span> <span class='ocrx_word' id='word_1_175' title='bbox 1468 2023 1573 2074; x_wconf 83' lang='lat' dir='ltr'>fore,</span> <span class='ocrx_word' id='word_1_176' title='bbox 1606 2029 1653 2062; x_wconf 92' lang='lat' dir='ltr'>ut</span> 
     </span>
     <span class='ocr_line' id='line_1_23' title="bbox 174 2092 1652 2148; baseline -0.001 -15"><span class='ocrx_word' id='word_1_177' title='bbox 174 2108 317 2134; x_wconf 88' lang='lat' dir='ltr'>errore</span> <span class='ocrx_word' id='word_1_178' title='bbox 355 2094 536 2148; x_wconf 85' lang='lat' dir='ltr'>quodam</span> <span class='ocrx_word' id='word_1_179' title='bbox 595 2094 648 2134; x_wconf 87' lang='lat' dir='ltr'>ad</span> <span class='ocrx_word' id='word_1_180' title='bbox 694 2108 761 2134; x_wconf 90' lang='lat' dir='ltr'>me</span> <span class='ocrx_word' id='word_1_181' title='bbox 810 2108 970 2147; x_wconf 89' lang='lat' dir='ltr'>sponsa</span> <span class='ocrx_word' id='word_1_182' title='bbox 1023 2094 1266 2134; x_wconf 85' lang='lat' dir='ltr'>deducatur.</span> <span class='ocrx_word' id='word_1_183' title='bbox 1344 2093 1536 2144; x_wconf 84' lang='lat' dir='ltr'>Quodam</span> <span class='ocrx_word' id='word_1_184' title='bbox 1586 2092 1652 2132; x_wconf 89' lang='lat' dir='ltr'>die</span> 
     </span>
     <span class='ocr_line' id='line_1_24' title="bbox 175 2166 1653 2219; baseline -0.001 -14"><span class='ocrx_word' id='word_1_185' title='bbox 175 2179 300 2219; x_wconf 85' lang='lat' dir='ltr'>quum</span> <span class='ocrx_word' id='word_1_186' title='bbox 333 2166 386 2206; x_wconf 87' lang='lat' dir='ltr'>ad</span> <span class='ocrx_word' id='word_1_187' title='bbox 416 2167 553 2206; x_wconf 83' lang='lat' dir='ltr'>virum</span> <span class='ocrx_word' id='word_1_188' title='bbox 582 2167 780 2206; x_wconf 83' lang='lat' dir='ltr'>transiret</span> <span class='ocrx_word' id='word_1_189' title='bbox 810 2167 974 2206; x_wconf 86' lang='lat' dir='ltr'>discum</span> <span class='ocrx_word' id='word_1_190' title='bbox 1005 2167 1083 2206; x_wconf 92' lang='lat' dir='ltr'>sibi</span> <span class='ocrx_word' id='word_1_191' title='bbox 1113 2166 1426 2218; x_wconf 67' lang='lat' dir='ltr'>conficientem,</span> <span class='ocrx_word' id='word_1_192' title='bbox 1449 2179 1546 2205; x_wconf 89' lang='lat' dir='ltr'>eum</span> <span class='ocrx_word' id='word_1_193' title='bbox 1579 2178 1653 2204; x_wconf 92' lang='lat' dir='ltr'>ro-</span> 
     </span>
     <span class='ocr_line' id='line_1_25' title="bbox 174 2233 1654 2292; baseline 0 -16"><span class='ocrx_word' id='word_1_194' title='bbox 174 2239 316 2292; x_wconf 78' lang='lat' dir='ltr'>gavit,</span> <span class='ocrx_word' id='word_1_195' title='bbox 345 2243 389 2276; x_wconf 93' lang='lat' dir='ltr'>ut</span> <span class='ocrx_word' id='word_1_196' title='bbox 418 2238 472 2276; x_wconf 85' lang='lat' dir='ltr'>illi</span> <span class='ocrx_word' id='word_1_197' title='bbox 503 2237 619 2277; x_wconf 90' lang='lat' dir='ltr'>disco</span> <span class='ocrx_word' id='word_1_198' title='bbox 652 2251 765 2277; x_wconf 87' lang='lat' dir='ltr'>oram</span> <span class='ocrx_word' id='word_1_199' title='bbox 795 2237 983 2277; x_wconf 82' lang='lat' dir='ltr'>adderet.</span> <span class='ocrx_word' id='word_1_200' title='bbox 1015 2238 1119 2277; x_wconf 74' lang='lat' dir='ltr'>viro</span> <span class='ocrx_word' id='word_1_201' title='bbox 1160 2237 1455 2290; x_wconf 86' lang='lat' dir='ltr'>interroganti:</span> <span class='ocrx_word' id='word_1_202' title='bbox 1489 2233 1654 2290; x_wconf 60' lang='lat' dir='ltr'>quare?</span> 
     </span>
     <span class='ocr_line' id='line_1_26' title="bbox 176 2308 1654 2362; baseline 0 -14"><span class='ocrx_word' id='word_1_203' title='bbox 176 2308 412 2361; x_wconf 86' lang='lat' dir='ltr'>respondit:</span> <span class='ocrx_word' id='word_1_204' title='bbox 472 2309 585 2348; x_wconf 80' lang='lat' dir='ltr'>Fieri</span> <span class='ocrx_word' id='word_1_205' title='bbox 615 2315 773 2362; x_wconf 67' lang='lat' dir='ltr'>potest,</span> <span class='ocrx_word' id='word_1_206' title='bbox 802 2315 846 2349; x_wconf 90' lang='lat' dir='ltr'>ut</span> <span class='ocrx_word' id='word_1_207' title='bbox 875 2309 916 2348; x_wconf 90' lang='lat' dir='ltr'>in</span> <span class='ocrx_word' id='word_1_208' title='bbox 949 2309 1031 2348; x_wconf 89' lang='lat' dir='ltr'>hoc</span> <span class='ocrx_word' id='word_1_209' title='bbox 1062 2309 1180 2348; x_wconf 88' lang='lat' dir='ltr'>disco</span> <span class='ocrx_word' id='word_1_210' title='bbox 1212 2308 1265 2347; x_wconf 87' lang='lat' dir='ltr'>ad</span> <span class='ocrx_word' id='word_1_211' title='bbox 1296 2321 1363 2347; x_wconf 89' lang='lat' dir='ltr'>me</span> <span class='ocrx_word' id='word_1_212' title='bbox 1400 2321 1468 2348; x_wconf 88' lang='lat' dir='ltr'>res</span> <span class='ocrx_word' id='word_1_213' title='bbox 1504 2315 1654 2360; x_wconf 91' lang='lat' dir='ltr'>porte-</span> 
     </span>
     <span class='ocr_line' id='line_1_27' title="bbox 176 2380 1654 2433; baseline 0 -13"><span class='ocrx_word' id='word_1_214' title='bbox 176 2387 250 2420; x_wconf 89' lang='lat' dir='ltr'>tur.</span> <span class='ocrx_word' id='word_1_215' title='bbox 310 2380 459 2419; x_wconf 87' lang='lat' dir='ltr'>Virum</span> <span class='ocrx_word' id='word_1_216' title='bbox 490 2380 696 2432; x_wconf 87' lang='lat' dir='ltr'>quendam</span> <span class='ocrx_word' id='word_1_217' title='bbox 728 2380 1052 2420; x_wconf 85' lang='lat' dir='ltr'>manducantem</span> <span class='ocrx_word' id='word_1_218' title='bbox 1076 2394 1150 2433; x_wconf 90' lang='lat' dir='ltr'>per</span> <span class='ocrx_word' id='word_1_219' title='bbox 1181 2381 1316 2419; x_wconf 88' lang='lat' dir='ltr'>maius</span> <span class='ocrx_word' id='word_1_220' title='bbox 1347 2393 1473 2433; x_wconf 87' lang='lat' dir='ltr'>quam</span> <span class='ocrx_word' id='word_1_221' title='bbox 1504 2381 1654 2420; x_wconf 86' lang='lat' dir='ltr'>millia-</span> 
     </span>
     <span class='ocr_line' id='line_1_28' title="bbox 177 2451 1654 2506; baseline -0.001 -14"><span class='ocrx_word' id='word_1_222' title='bbox 177 2453 234 2492; x_wconf 87' lang='lat' dir='ltr'>ris</span> <span class='ocrx_word' id='word_1_223' title='bbox 265 2452 445 2504; x_wconf 82' lang='lat' dir='ltr'>spatium</span> <span class='ocrx_word' id='word_1_224' title='bbox 478 2457 659 2491; x_wconf 90' lang='lat' dir='ltr'>secutus</span> <span class='ocrx_word' id='word_1_225' title='bbox 692 2459 773 2505; x_wconf 71' lang='lat' dir='ltr'>est,</span> <span class='ocrx_word' id='word_1_226' title='bbox 805 2451 958 2506; x_wconf 76' lang='lat' dir='ltr'>donec,</span> <span class='ocrx_word' id='word_1_227' title='bbox 990 2465 1085 2492; x_wconf 83' lang='lat' dir='ltr'>eum</span> <span class='ocrx_word' id='word_1_228' title='bbox 1117 2453 1299 2492; x_wconf 84' lang='lat' dir='ltr'>resinam</span> <span class='ocrx_word' id='word_1_229' title='bbox 1327 2451 1420 2497; x_wconf 44' lang='lat' dir='ltr'>&amp;Ut</span> <span class='ocrx_word' id='word_1_230' title='bbox 1461 2452 1654 2506; x_wconf 84' lang='lat' dir='ltr'>appella-</span> 
     </span>
    </p>
   </div>
   <div class='ocr_carea' id='block_1_3' title="bbox 177 2535 889 2588">
    <p class='ocr_par' dir='ltr' id='par_1_3' title="bbox 177 2535 889 2588">
     <span class='ocr_line' id='line_1_29' title="bbox 177 2535 889 2588; baseline -0.003 -12"><span class='ocrx_word' id='word_1_231' title='bbox 177 2542 260 2576; x_wconf 85' lang='lat' dir='ltr'>tam</span> <span class='ocrx_word' id='word_1_232' title='bbox 292 2536 564 2587; x_wconf 72' lang='lat' dir='ltr'>manducare,</span> <span class='ocrx_word' id='word_1_233' title='bbox 596 2535 889 2588; x_wconf 81' lang='lat' dir='ltr'>cognovisset.</span> 
     </span>
    </p>
   </div>
   <div class='ocr_carea' id='block_1_4' title="bbox 182 2818 1035 2885">
    <p class='ocr_par' dir='ltr' id='par_1_4' title="bbox 182 2818 1035 2885">
     <span class='ocr_line' id='line_1_30' title="bbox 182 2818 1035 2885; baseline -0.004 -19"><span class='ocrx_word' id='word_1_234' title='bbox 182 2823 260 2866; x_wconf 78' lang='lat'>72.</span> <span class='ocrx_word' id='word_1_235' title='bbox 332 2818 540 2866; x_wconf 86' lang='lat' dir='ltr'>Avidior</span> <span class='ocrx_word' id='word_1_236' title='bbox 576 2836 725 2885; x_wconf 86' lang='lat' dir='ltr'>quam</span> <span class='ocrx_word' id='word_1_237' title='bbox 762 2818 1035 2867; x_wconf 80' lang='lat' dir='ltr'>Thofailus.</span> 
     </span>
    </p>
   </div>
  </div>
 </body>
</html>
