1771 3072
744 92 1048 131 -106-

240 215 307 254 De
335 226 520 266 paupere
548 212 714 265 dicitur,
743 212 813 263 qui
851 211 891 250 in
920 211 1036 251 vitiis
1064 216 1333 263 perseverat,
1364 223 1615 264 quamquam

158 286 308 338 opibus
335 284 571 337 adjuvatur.
601 284 671 323 Ne
700 282 828 335 igitur
857 281 911 321 ad
940 295 1037 322 eum
1067 281 1355 333 adjuvandum
1385 295 1489 335 opes
1518 295 1617 322 ero-

157 369 230 410 ga,
263 357 352 395 fieri
382 356 491 394 enim
521 359 690 406 potest,
731 359 775 392 ut
795 358 1041 404 paupertate
1062 365 1140 392 sua
1169 359 1404 404 occupatus
1423 359 1465 392 et
1492 365 1618 405 pres-

157 439 233 467 sus
262 440 288 466 a
317 439 451 479 prava
482 425 636 478 agendi
667 425 828 465 ratione
858 422 1059 462 recedere
1099 431 1289 476 cogatur,
1355 425 1545 464 Verbum
1564 442 1621 491 5²²

157 509 241 549 hoc
270 510 309 548 in
339 509 559 561 proverbio
600 505 890 558 illiniendi,
922 506 1516 558 tegendisignificationem
1535 506 1618 546 ha-

157 578 239 618 bet.
303 580 386 619 Alii
425 585 565 619 autem
584 582 652 640 ἱεὶς
691 580 861 632 legunt,
905 577 1014 629 quod
1050 576 1261 616 Meidanio
1297 578 1620 630 praeferendum

156 661 338 702 videtur.
396 663 558 701 Dicitur
589 661 747 718 Mi
786 668 911 722 0931:
939 661 1134 713 „glutine
1162 674 1321 712 pennas
1339 662 1392 702 ad
1421 663 1620 715 sagittam

156 741 324 783 affixi.‘·'
392 743 641 783 Alasharius
678 743 805 793 dixit,
865 743 1075 793 proverbii
1112 755 1283 783 sensum
1324 757 1448 784 esse:
1519 743 1622 782 Sine

158 826 253 853 eum
282 814 321 852 in
350 827 491 853 errore
522 827 600 853 suo
631 825 927 865 perseverare,
957 814 994 851 si
1023 827 1116 852 eum
1149 815 1188 853 in
1219 815 1331 853 viam
1361 820 1523 854 rectam
1553 814 1620 853 di-

157 884 296 937 rigere
326 898 408 923 non
438 890 574 936 potes.
634 886 841 924 Fortasse
871 885 911 924 in
941 884 1150 924 interitum
1181 885 1352 938 incidet,
1383 892 1429 925 ut
1469 892 1510 925 te
1539 898 1620 925 non

159 951 339 1003 amplius
368 951 555 1004 adfligat.

360 1056 578 1156 &Laterii
612 1055 868 1152 esi-{QZ
917 1058 1088 1157 &js-ii
1134 1059 1250 1138 5⁸12
1347 1106 1406 1141 vo

158 1242 233 1286 75.
304 1237 455 1304 Apud
494 1239 833 1302 migrationem
873 1256 1022 1285 verax
1059 1238 1147 1285 tibi
1185 1241 1434 1285 mentitur.

267 1338 646 1378 Almofadhdhelus
677 1338 809 1392 dixit,
861 1340 952 1378 viro
995 1351 1167 1377 servum
1205 1334 1366 1391 fuisse,
1408 1341 1475 1390 qui
1512 1352 1623 1378 nun-

157 1423 284 1463 quam
314 1410 575 1450 mendacium
606 1410 825 1462 proferret.
868 1410 989 1449 Alius
1021 1410 1202 1463 quidam,
1237 1423 1284 1449 se
1310 1410 1420 1449 illum
1449 1423 1623 1449 servum

154 1480 208 1521 ad
240 1481 504 1520 mendacium
535 1480 828 1532 proferendum
859 1482 1126 1531 impulsurum
1168 1494 1279 1534 esse,
1322 1494 1448 1533 quum
1489 1480 1624 1519 ‹lixis-

156 1557 250 1605 set,
299 1557 474 1605 uterque
512 1553 689 1605 pignore
738 1552 834 1591 dato
876 1553 1076 1592 certabat.
1141 1553 1207 1592 Re
1251 1554 1478 1592 constituta
1520 1552 1626 1591 alter

156 1623 224 1661 ille
255 1623 466 1662 dominum
509 1624 695 1676 rogavit,
735 1629 779 1662 ut
816 1636 971 1662 servus
1016 1623 1127 1675 apud
1166 1624 1301 1674 ipsum
1343 1629 1622 1676 pernoctaret.

155 1694 336 1733 Factum
361 1699 438 1736 est.
498 1696 639 1733 Servo
659 1706 827 1733 carnem
859 1694 958 1746 pulli
981 1695 1127 1733 cameli
1160 1694 1307 1759 ()l3>)
1341 1695 1463 1732 etiae
1485 1694 1622 1748 dulce,

157 1775 269 1829 quod
299 1776 339 1815 in
377 1783 507 1816 utrem
539 1776 703 1816 acidum
736 1778 1004 1829 immiserant,
1031 1777 1308 1828 apponebant.
1338 1776 1444 1813 Tum
1473 1779 1623 1825 poste-

156 1860 201 1886 ro
243 1860 365 1886 mane
404 1847 711 1899 impedimentis
755 1849 935 1887 sublatis
985 1861 1156 1886 servum
1207 1846 1258 1886 ad
1301 1846 1511 1885 (lominum
1553 1859 1624 1884 re-

156 1918 391 1965 mittentes,
425 1920 501 1958 iter
530 1919 711 1971 ingressi
743 1926 865 1970 suntg
896 1919 971 1958 sed
987 1932 1112 1972 quum
1145 1930 1301 1957 servus
1338 1931 1360 1955 e
1391 1923 1625 1968 conspectu

156 1990 356 2043 abiisset,
400 1991 691 2030 substiterunt.
754 1993 920 2031 Servus
944 2004 967 2030 a
999 1991 1164 2030 domino
1195 1989 1476 2041 interrogatus
1507 1987 1624 2038 dixit,

160 2063 253 2101 illos
285 2063 363 2101 sibi
395 2075 563 2102 carnem
593 2076 729 2116 neque
761 2075 945 2103 macram
988 2076 1127 2114 neque
1172 2063 1368 2114 pinguem
1415 2061 1506 2099 cibo
1548 2060 1627 2098 de-

158 2132 287 2188 disse,
320 2136 385 2174 lac
414 2141 553 2174 autem
586 2149 720 2188 neque
752 2149 912 2174 merum
941 2148 1076 2186 neque
1106 2133 1286 2172 affusum
1315 2132 1526 2184 oxygalae
1549 2130 1626 2169 sibi

157 2205 380 2245 bibendum
398 2207 620 2247 obtulisse.
653 2209 752 2247 Illos
767 2214 927 2260 autem,
947 2221 1069 2259 quum
1090 2207 1179 2257 ipse
1193 2206 1339 2255 abiret..
1364 2205 1517 2243 castris
1533 2216 1626 2242 mo-

160 2277 212 2316 tis
242 2277 319 2316 iter
348 2280 610 2330 suscepisse.
670 2280 778 2318 'l'nm
820 2285 891 2318 aut
929 2279 966 2315 in
1016 2278 1164 2315 itinere
1206 2277 1340 2314 fnisse
1380 2282 1450 2313 aut
1487 2280 1627 2312 eastra

157 2350 369 2401 posuisse.
389 2351 466 2389 llis
488 2358 629 2389 autem
652 2352 794 2389 verbis
814 2349 992 2389 addidit:
1018 2359 1092 2421 &a
1110 2349 1194 2389 hall
1231 2344 1397 2400 254er
1416 2347 1541 2404 ὁρῶ
1569 2347 1625 2402 3,

158 2437 235 2485 „et
265 2432 303 2470 in
335 2432 584 2482 migratione
616 2445 747 2471 verax
780 2433 850 2471 tibi
883 2432 1111 2469 mentitur·
1148 2442 1256 2481 quae
1288 2435 1436 2480 postea
1459 2429 1495 2466 in
1527 2439 1628 2479 pro-

160 2504 348 2542 verbium
379 2511 600 2543 venerunt.
662 2505 735 2543 Sic
767 2503 994 2543 (lominum.
1027 2509 1072 2541 ut
1106 2507 1298 2541 caveret.
1331 2500 1500 2538 monuit.
1532 2498 1628 2537 Ad-

163 2574 327 2612 hibetur
358 2580 497 2613 autem
530 2574 795 2626 proverbium
828 2573 878 2612 de
912 2588 976 2626 eo,
1011 2574 1080 2625 qni
1110 2585 1242 2610 verax
1281 2570 1333 2609 ad
1366 2570 1626 2609 mendacium

164 2646 439 2698 compellitur.
499 2645 815 2685 Abu-stiihdus
853 2645 976 2697 dicit,
1019 2644 1283 2697 proverbium
1324 2641 1376 2680 de
1417 2655 1466 2679 eo
1504 2640 1628 2679 adhi-

163 2716 268 2756 beri.
301 2717 366 2768 qui
398 2717 448 2756 ad
481 2722 713 2756 extremum
747 2717 853 2767 eins,
886 2716 993 2769 qumi
1025 2717 1101 2769 ipsi
1132 2723 1276 2755 notum
1316 2714 1387 2766 sit,
1429 2711 1628 2764 perveni-
