1771 3072
650 118 953 159 „431—

72 246 148 281 est.
206 240 361 292 Neque
414 246 551 279 autem
605 239 796 278 crassitie
843 252 917 291 par
963 252 1062 279 esse
1105 246 1247 291 potest
1287 253 1417 281 cornu
1464 243 1532 282 in-

71 310 201 349 ferius
241 311 468 365 superiori,
509 312 566 350 ita
610 316 655 349 ut
694 311 961 362 proverbium
987 324 1071 350 rem
1094 317 1278 362 optatam
1305 312 1530 353 absurdam

70 394 168 422 esse
204 382 369 422 indicet.
429 382 809 423 Samachscharius
852 382 978 433 dixit,
1018 384 1284 434 proverbium
1325 384 1529 437 adhiberi,

68 455 102 493 si
132 454 224 506 quis
257 459 385 507 optet,
416 460 460 493 ut
489 454 677 493 homines
710 454 829 493 bonis
859 459 900 492 et
933 456 1193 505 praestantia
1219 456 1324 494 inter
1362 468 1412 495 se
1448 458 1531 496 sint

72 526 285 577 aequales.
319 523 441 574 Quod
472 538 573 563 vero
603 529 698 576 post
727 525 825 577 ,μμ
858 525 1135 564 accusativus
1166 525 1335 578 legitur,
1369 525 1407 565 id
1437 527 1530 567 dia-

73 609 184 647 lecto
214 608 354 660 gentis
385 607 547 647 'ramim
578 607 786 659 proprium
821 612 898 646 est.

325 736 484 831 iias?
532 740 570 818 Ἴ
604 735 768 846 [Si
811 737 923 817 ᾁὲζ
969 738 1111 845 ΟΞΠ
1204 792 1265 822 vr

546 848 572 873 fi
613 850 633 860 ‘
715 849 740 873 ἃ

67 925 142 969 78.
215 920 326 968 Non
362 933 433 968 cst
471 934 580 986 post
618 923 954 986 captivitatem
994 925 1081 968 nisi
1121 923 1307 970 caedes.

91 1034 363 1073 Proverbium
384 1035 633 1074 Tamimitae
655 1034 817 1074 cuidam
840 1033 1092 1074 adscribitur
1115 1035 1269 1076 dicenti
1293 1038 1373 1077 ista
1392 1038 1524 1079 verba

66 1104 132 1143 die
172 1106 522 1146 Almoschakkar.
584 1106 706 1146 Conf.
748 1106 796 1145 C.
839 1107 1016 1155 XXIX,
1070 1106 1136 1147 60.
1185 1108 1527 1148 Almoschakkar

64 1177 175 1215 arcis
205 1189 356 1215 nomen
388 1183 476 1215 erat
513 1176 551 1215 in
594 1176 764 1228 regione
799 1175 980 1215 Balirain
1021 1176 1141 1215 sitae.
1181 1176 1372 1216 Cosroes
1416 1179 1527 1218 arcis

65 1247 281 1298 praefecto
304 1248 600 1299 imperaverat,
633 1253 679 1286 ut
710 1247 972 1299 Tamimitas,
1004 1247 1073 1298 qui
1096 1254 1318 1299 peccatum
1349 1250 1528 1289 commi-

63 1323 219 1368 serant,
250 1318 289 1356 in
319 1331 460 1357 arcem
489 1319 677 1358 alliceret
706 1323 748 1357 et
768 1317 993 1359 occideret.
1026 1318 1192 1370 Singuli
1221 1319 1420 1360 donorum
1450 1333 1527 1373 spe

63 1388 232 1428 adducti
263 1389 508 1441 introibant3
539 1389 615 1429 sed
647 1403 770 1442 quum
806 1402 928 1428 nemo
959 1389 1133 1441 rediret,
1165 1403 1274 1430 unus
1305 1405 1529 1432 remanen-

62 1460 164 1502 tium
202 1460 282 1499 ista
321 1462 454 1500 verba
502 1461 626 1513 dixit,
686 1461 833 1513 quibus
876 1460 1083 1511 proverbii
1128 1460 1221 1500 loco
1270 1463 1527 1519 significant,

61 1531 168 1581 viro,
200 1531 270 1583 qui
300 1532 410 1571 mala
439 1544 463 1571 a
494 1532 610 1571 socio
642 1531 912 1584 perpetiatur,
945 1531 1089 1582 peiora
1118 1531 1301 1573 timenda
1331 1545 1443 1574 esse.

486 1639 506 1646 φ-

273 1645 537 1785 )”Ξ”ῐοξ
519 1641 1145 1757 immitam&
1231 1684 1285 1734 v‘l

614 1761 638 1773 ae

62 1842 138 1886 79.
208 1838 319 1886 Non
356 1851 426 1886 est
466 1852 572 1905 post
609 1841 949 1907 spoliationem
974 1861 1225 1890 armorum
1262 1845 1526 1910 nisicapti..

211 1923 350 1969 vitas.

169 2022 314 2061 Verba
356 2023 462 2062 haec
505 2023 607 2063 dixit
644 2024 908 2077 Himjarijjus
939 2026 1275 2066 ben-Abbadah
1332 2027 1398 2067 die
1441 2028 1526 2068 Al-

62 2093 371 2145 moschakkar,
406 2106 529 2146 quum
559 2101 727 2147 gentem
761 2109 881 2135 suam
923 2096 1127 2148 depositis
1157 2099 1284 2138 armis
1314 2100 1353 2139 in
1383 2111 1523 2139 arcem

63 2163 238 2215 Hadjari
279 2163 332 2202 ad
364 2164 638 2205 Haudsahum
668 2167 893 2206 ben-Ahli
910 2173 951 2206 et
964 2169 1318 2209 Almocahberum
1332 2171 1523 2210 Dhabbi-

61 2243 145 2276 tam
193 2235 471 2274 intromissam
521 2236 708 2290 videret,
759 2251 881 2277 nemo
932 2244 1070 2278 autem
1121 2239 1288 2278 rediret.
1365 2242 1522 2281 Portae

61 2312 146 2345 tum
198 2305 432 2346 custodiam
472 2319 601 2358 eques
642 2314 860 2361 catenam,
924 2322 1007 2362 qua
1053 2317 1173 2362 porta
1220 2311 1366 2351 clausa
1415 2318 1520 2364 erat,

60 2387 183 2414 manu
212 2381 360 2414 tenens
391 2375 583 2416 habebat.
639 2379 734 2417 Hac
768 2385 918 2418 catena
948 2380 1068 2419 simul
1098 2393 1193 2420 cum
1215 2382 1368 2434 equitis
1397 2395 1520 2422 manu

58 2446 110 2484 ab
140 2446 223 2484 isto
254 2447 343 2484 viro
376 2452 592 2498 amputata
611 2454 652 2487 et
679 2456 798 2500 porta
826 2457 970 2501 aperta
991 2451 1121 2490 occisi
1144 2452 1519 2503 conspiciebantur.

60 2517 157 2555 Hoc
217 2516 367 2558 videns
432 2530 538 2569 gens
605 2520 767 2559 Tarnim
813 2522 1009 2560 irruebat.
1067 2522 1329 2562 Haudsahus
1379 2530 1516 2563 autem

60 2597 328 2637 cognoscens
366 2592 536 2638 gentem
577 2589 708 2640 ipsius
752 2591 1000 2643 sanguinem
1038 2593 1242 2644 vovisse,
1284 2594 1518 2633 Almocah-

61 2657 208 2695 berum
246 2662 413 2695 centum
452 2657 569 2697 viros
614 2672 667 2697 ex
714 2661 1093 2711 praestantissimis
1128 2661 1335 2702 dimittere
1382 2664 1516 2704 iussit.

62 2728 161 2778 Ipse
197 2732 337 2767 autem
375 2738 469 2767 cum
502 2729 710 2782 equitibus
745 2731 851 2784 fuga
881 2734 1063 2773 salutem
1093 2734 1222 2786 petiit.
1280 2733 1516 2787 Fugientes
