1771 3072
825 121 1126 164 *300-

248 244 343 284 dem
372 245 496 286 modo
524 245 691 286 dicitur:
730 245 860 303 „fam
903 232 989 314 ⁸:2-
1022 254 1136 301 Q÷
1168 226 1231 315 ..33
1273 245 1510 286 „Interdum
1548 244 1702 286 serium

246 328 369 369 iocus
399 324 618 370 adduxit-‘⁶

784 403 854 423 20,
961 410 1061 423 „a

737 414 900 516 fib}
951 429 1077 494 :EM-3
1171 435 1227 489 νἾ

248 540 325 587 76.
397 539 594 586 Orionis
634 540 979 588 manifestatio.

328 628 481 668 Verbis
511 629 891 670 manifestatio
917 629 1132 670 Orionis
1161 629 1244 670 hoc
1273 631 1313 670 in
1343 630 1565 683 proverbio
1587 630 1704 669 venti

245 699 522 739 vehementes
550 699 840 756 designantur,
877 702 944 755 qui
969 703 1170 742 matutino
1191 708 1396 755 tempore,
1425 714 1553 754 quum
1584 701 1704 740 sidus

247 772 412 812 Orionis
456 772 496 812 in
537 774 657 813 coelo
705 780 770 814 est
779 804 792 829 9
843 788 917 828 per
956 775 1087 814 breve
1128 776 1329 827 temporis
1375 775 1556 827 spatium
1603 774 1704 813 flare

243 844 393 883 solent.
440 843 657 885 Omissum
687 851 828 886 autem
858 852 926 886 est
953 859 1042 886 vox
1070 855 1206 906 κὼς-,3
1237 848 1461 887 »Μίηᾶεα
1493 858 1554 887 sc.
1584 847 1704 885 minae

242 925 332 964 eius
372 931 469 966 sunt
503 928 644 966 ventis
675 926 840 967 Orionis
880 928 1201 981 comparandae.
1258 927 1317 967 Ut
1354 929 1472 968 venti
1511 929 1566 968 illi
1603 941 1704 969 mox

243 1003 440 1052 cessant,
479 997 543 1037 sic
573 998 708 1038 minas
739 999 831 1038 eius
861 1000 1021 1040 factum
1050 1011 1133 1039 non
1163 999 1366 1053 sequitur.

714 1090 734 1109 ο
754 1080 776 1107 ὗ
796 1088 829 1105 oo
1152 1096 1175 1108 α

619 1108 810 1203 ear-3]
863 1109 1049 1184 Q
1103 1110 1200 1178 A>
1294 1142 1356 1172 vv

244 1245 321 1289 77.
388 1239 612 1288 Adduxit
657 1260 785 1301 rem,
838 1261 967 1310 quae
1017 1242 1232 1310 lapidem
1278 1242 1574 1291 candentem
1619 1262 1707 1291 ex-

390 1325 606 1390 stinguit.

325 1406 557 1448 Calamitas
588 1415 630 1449 et
658 1410 938 1463 infortunium,
977 1409 1087 1462 quod
1118 1409 1237 1450 nobis
1269 1410 1460 1464 adduxit,
1491 1411 1548 1450 ita
1578 1423 1704 1464 mag-

237 1491 336 1518 num
366 1485 471 1534 erat,
493 1486 538 1521 ut
558 1482 852 1534 praecedentis
880 1483 1130 1522 calamitatis
1163 1483 1284 1535 quasi
1310 1482 1490 1535 lapidem
1515 1483 1703 1523 canden—

239 1555 323 1590 tem
341 1552 632 1606 exstingueret
651 1560 693 1593 et
714 1567 791 1594 nos
816 1568 953 1594 rerum
979 1554 1323 1607 praecedentium
1344 1555 1700 1594 oblivisceremur.

237 1622 284 1662 In
312 1625 477 1678 magnis
507 1626 792 1679 gravibusque
822 1627 947 1666 rebus
977 1627 1245 1679 proverbium
1277 1626 1508 1667 adhibetur.

239 1870 314 1914 78.
384 1867 683 1935 Adportavit
718 1872 820 1917 eius
858 1881 997 1935 pater
1033 1869 1260 1936 dactylos
1295 1882 1534 1917 recentes.

347 1952 568 1992 Proverbii
598 1954 743 2009 huius7
785 1954 896 2007 quod
935 1954 976 1993 in
1007 1968 1100 1994 eum
1132 1954 1296 2008 dicitur,
1329 1955 1396 2006 qui
1425 1966 1563 2006 pauco
1594 1967 1701 1994 con-

237 2028 377 2063 tentus
408 2031 488 2078 est9
519 2032 737 2066 auctorem
769 2026 1056 2066 Schaihabum
1086 2024 1503 2066 ben-Dsi-I‘Nabain
1533 2025 1701 2065 Ahbdi-

237 2100 322 2134 tam
360 2096 526 2136 habent.
585 2098 662 2137 Vir
693 2099 790 2151 iste,
823 2112 945 2151 quem
975 2099 1172 2152 segnitiei
1205 2105 1246 2138 et
1276 2098 1532 2150 stupiditatis
1564 2111 1700 2151 argu-

236 2173 322 2219 unt,
355 2179 450 2207 cum
481 2169 685 2208 nonnullis
717 2170 756 2208 in
785 2170 1135 2210 Nabathaeorum
1174 2170 1389 2222 regionem
1420 2170 1496 2208 iter
1526 2169 1698 2208 fecerat.

235 2238 295 2277 Ibi
331 2240 509 2290 puellam
548 2241 778 2293 pulchram,
817 2241 936 2279 cuius
983 2252 1125 2279 amore
1164 2246 1314 2291 captus
1363 2246 1472 2293 erat:
1525 2241 1697 2279 multum

235 2310 400 2363 quidem
437 2312 564 2349 sociis
610 2311 972 2366 dissuadentibus)
1014 2313 1053 2350 in
1101 2312 1402 2351 matrimonium
1442 2311 1569 2350 duxit.
1627 2311 1697 2350 Ad

235 2394 336 2421 suos
377 2381 511 2420 redux
548 2381 715 2436 factus,
757 2396 881 2435 quum
922 2383 1087 2436 puellae
1127 2389 1245 2434 pater
1287 2382 1413 2422 filiam
1454 2384 1698 2422 visitaturus

232 2453 338 2492 inter
388 2454 468 2493 alia
516 2467 690 2493 munera
739 2454 933 2507 dactylos
981 2460 1176 2493 recentes
1221 2466 1367 2493 secum
1409 2454 1696 2506 adportasset,

234 2538 365 2579 gener
396 2525 507 2565 dulci
538 2539 680 2565 eorum
714 2539 866 2579 sapore
898 2527 1131 2567 delectatus
1168 2532 1210 2566 et
1240 2526 1393 2580 gaudio
1424 2528 1572 2579 plenus
1604 2527 1695 2566 suis

236 2611 324 2638 rem
354 2599 436 2638 hoc
465 2611 593 2638 versu
624 2599 849 2639 nuntiavit:
